1655 2713
727 153 989 190 —337—

199 245 283 278 loa.
314 246 391 280 Solo
416 252 547 286 stratus,
575 250 664 290 equis
691 254 825 292 tractus,

192 476 276 510 11a.

190 931 232 964 13
245 941 274 963 a.

191 1159 233 1190 14
247 1167 275 1189 a.

187 1611 272 1643 loa.

183 1833 268 1866 172.

180 2103 223 2136 18
237 2114 266 2137 a.

178 2327 221 2361 19
238 2338 268 2362 a.

315 297 352 328 ln
378 297 489 336 stipite
514 297 693 338 colligatus,

312 343 412 376 Duris
438 345 516 377 loris
542 350 704 378 coartatus

361 393 510 432 Suspirat
535 394 577 426 ad
604 395 792 435 praemium.

307 476 370 508 Hic
396 480 508 517 raptus
534 486 553 508 a
576 477 722 516 patibulo

311 524 504 556 Recluditur
531 525 702 566 ergastulo,

308 573 501 605 Retruditur
526 573 667 605 diluculo

358 622 426 654 Iam
450 621 483 652 in
509 625 580 653 arta
607 622 765 654 custodia.

269 730 276 737 .
308 703 480 736 Moriendo
508 708 643 735 mortem
672 704 758 743 vicit,

310 751 375 784 Ubi
402 752 501 783 vitam
528 752 701 792 acquisivit

311 801 354 833 Et
369 809 439 832 cum
450 799 579 832 Christo
592 809 720 840 semper
735 801 824 841 vivit,
854 797 858 800 ⁴

360 848 438 881 Cum
466 848 569 880 beatis
595 849 627 880 in
654 849 766 889 gloria.

304 931 365 971 Qui
391 940 450 972 pro
477 931 606 963 Christo
633 932 805 964 moriturus

309 980 345 1010 In
369 984 533 1011 aeternum
561 984 609 1010 est
635 981 788 1019 victurus,

307 1027 351 1059 Et
377 1036 447 1059 cum
475 1027 603 1060 Christo
629 1033 819 1068 regnaturus

357 1076 436 1108 Cum
462 1075 596 1115 perenni
623 1076 756 1108 laetitia.

308 1157 368 1196 Qui
391 1166 450 1196 pro
469 1157 597 1189 Christo
616 1164 663 1189 est
682 1158 818 1200 occisus,

307 1206 367 1237 Ille
392 1206 471 1237 mori
499 1206 618 1237 mundo
649 1206 744 1244 visus,

307 1253 371 1286 Sed
387 1263 456 1285 cum
471 1254 600 1286 Christo
611 1259 658 1285 est
669 1254 817 1295 confisus,

356 1303 422 1333 Iam
450 1303 591 1343 percipit
617 1303 778 1335 caelestia.

265 1410 272 1416 .
307 1384 338 1415 Is
364 1388 501 1424 apparet
527 1385 646 1416 mundo
674 1386 787 1423 victus,

309 1432 434 1472 Qnipro
444 1432 574 1464 Christo
585 1437 632 1464 est
644 1434 818 1473 convietus,

307 1480 408 1512 Immo
435 1485 579 1512 remanet
604 1481 755 1523 invictus,

355 1529 422 1561 Iam
450 1529 528 1560 vivit
554 1539 612 1561 nec
639 1531 802 1565 emoritur.

303 1611 407 1643 Huius
440 1611 525 1643 vitae
558 1616 631 1651 post
656 1618 818 1645 certamen

305 1659 480 1699 Largiatur
505 1661 709 1703 adiummen,

304 1707 352 1740 Sit
378 1706 510 1741 afflictis
538 1710 751 1747 consolamen‚

352 1756 488 1788 Maestis
515 1758 700 1791 consolatio.

303 1834 442 1866 Mortuis
470 1836 535 1867 vita
561 1836 719 1878 redditur,

301 1882 404 1914 Mutis
429 1883 538 1924 lingua
564 1885 748 1923 resolvitur,

302 1930 498 1972 Hydropisis
525 1933 732 1975 consumitur,

349 1980 587 2013 Restaurantur
612 1991 671 2022 per
696 1983 813 2016 omnia.

300 2105 423 2148 Victor,
450 2108 546 2140 modo
571 2108 756 2140 sublimaris

296 2154 339 2186 Et
366 2164 437 2187 cum
465 2155 594 2188 Christo
619 2157 780 2200 gloriaris,

299 2202 405 2244 Super
430 2213 540 2236 omnes
567 2215 652 2237 nunc
670 2205 816 2238 laudaris

347 2253 385 2284 In
413 2254 546 2285 caelesti
573 2255 674 2287 curia.

302 2330 405 2363 Verus
430 2331 522 2363 miles
549 2340 633 2374 εει-οε,
662 2331 785 2373 Victor,

302 2378 404 2411 Verus
430 2379 508 2412 fidei
535 2379 712 2421 professor,

301 2427 471 2461 Trinitatis
498 2437 593 2461 verus
621 2429 733 2471 cultor,

349 2476 508 2510 Veritatis
534 2487 624 2510 mens
651 2477 791 2510 conscia.

239 2534 374 2566 murm,
391 2536 562 2566 Sequentiae
578 2537 714 2560 Ineditae.
747 2536 795 2561 lx,

888 252 932 285 10
945 251 974 286 b.

888 480 972 513 11b.

888 707 930 738 12
943 706 973 739 b.

887 932 970 966 13b.

882 1159 925 1191 14
938 1159 969 1191 b.

884 1387 924 1418 15
938 1386 970 1419 b.

883 1614 967 1646 161).

879 1837 966 1871 17b.

880 2111 922 2143 18
934 2110 964 2143 b.

880 2334 922 2367 19
936 2333 968 2366 b.

1005 253 1107 285 Audit
1115 253 1279 286 Christum
1289 255 1523 298 consolantem,

1008 301 1146 333 lniurias
1173 302 1349 342 patientem

1006 349 1049 380 Et
1074 354 1235 382 tormenta
1261 351 1476 391 sufferentem,

1042 397 1155 430 Statim
1163 399 1272 430 dicens
1281 410 1287 430 :
1296 399 1392 435 Ecce.
1402 409 1517 432 assum.

1006 481 1101 512 Prelo
1128 491 1257 521 pressus
1284 491 1301 513 a
1328 482 1441 513 molari

1004 529 1096 560 Iubet
1123 534 1219 569 caput
1246 530 1406 569 amputari

1006 577 1049 608 Et
1076 587 1145 608 cum
1172 579 1267 609 laude
1293 579 1447 618 singulari

1055 626 1142 657 Caeli
1172 627 1355 658 conscendit
1384 627 1478 661 atria,

1007 707 1118 738 Perdit
1155 708 1272 740 victum
1308 710 1520 748 temporalem

1007 755 1185 787 Habiturus
1211 757 1419 796 aeternalem,

1008 803 1184 836 Flammam
1212 803 1290 844 fugit
1314 804 1519 845 infernalem,

1056 852 1117 884 Ubi
1146 853 1251 891 gravis
1280 853 1417 885 miseria.

1008 934 1067 972 Qui
1095 944 1153 973 pro
1181 936 1298 966 mundo
1326 936 1502 966 moriturus

1004 982 1060 1013 Est
1097 992 1166 1013 cum
1195 983 1311 1014 mundo
1338 984 1514 1022 periturus.

1003 1030 1113 1061 Talem
1141 1031 1234 1061 tinem
1265 1031 1429 1062 habiturus

1050 1078 1190 1110 Moritur
1215 1080 1249 1110 in
1277 1079 1418 1111 tristitia.

1002 1160 1062 1198 Qui
1086 1170 1144 1199 pro
1170 1161 1286 1191 mundo
1313 1166 1358 1191 est
1379 1161 1514 1202 occisus,

1002 1208 1112 1239 Victus
1140 1214 1281 1239 remanet
1307 1208 1458 1240 confusus

1002 1257 1045 1288 Et,
1071 1267 1089 1287 a
1117 1258 1235 1288 mundo
1264 1263 1309 1288 est
1338 1258 1460 1297 illusus,

1050 1304 1164 1336 Statim
1193 1306 1274 1345 perit
1302 1315 1370 1336 cum
1398 1306 1515 1345 gloria.

1002 1387 1181 1418 Veneretur
1208 1388 1259 1418 hic
1286 1392 1451 1427 patronus.

1002 1436 1100 1474 Quem
1109 1436 1255 1467 caelestis
1264 1436 1357 1467 habet
1368 1437 1511 1477 thronus,

1002 1484 1054 1515 Ad
1081 1484 1238 1515 orandum
1263 1485 1340 1515 assit
1369 1494 1497 1525 p1·onuS‚

1052 1533 1222 1572 Promptus
1249 1533 1281 1563 iu
1309 1533 1441 1565 auxilio.

1000 1615 1132 1646 Claudis
1160 1624 1288 1655 gressus
1316 1615 1501 1653 revertitur,

1002 1663 1071 1694 Lux
1101 1664 1204 1694 caecis
1233 1664 1425 1702 restituitur,

1000 1712 1117 1751 Aegris
1144 1712 1230 1744 salus
1258 1712 1441 1753 effunditur,

1046 1760 1237 1800 Effugantur
1264 1761 1442 1793 daemonia.

999 1839 1109 1870 Omnis
1135 1839 1302 1878 utriusque
1329 1847 1434 1878 sexus,

1000 1888 1099 1927 Quem
1159 1887 1351 1927 constringit
1404 1887 1516 1927 culpae

1283 1945 1392 1977 nexus,

999 1984 1058 2023 Qui
1074 1985 1228 2024 languore
1248 1989 1295 2015 est
1316 1985 1513 2024 complexus,

1042 2033 1112 2064 Tua
1141 2033 1229 2073 cupit
1257 2033 1404 2073 vestigia.

996 2111 1045 2143 Tu
1071 2111 1225 2150 insignis.
1255 2111 1385 2146 Victor,
1414 2111 1517 2150 miles,

997 2160 1167 2192 Pertulisti
1195 2169 1315 2199 poenas
1345 2160 1434 2199 viles,

998 2208 1135 2248 Respice
1163 2218 1219 2239 nos
1247 2207 1425 2239 imbecilles

1047 2257 1083 2288 In
1111 2256 1171 2288 bac
1198 2256 1310 2287 mundi
1339 2257 1478 2289 miseria.

999 2334 1096 2377 Bene,
1126 2335 1249 2376 Victor,
1276 2339 1311 2366 tu
1334 2334 1466 2366 certasti

998 2382 1039 2414 Et
1067 2392 1199 2423 agonem
1228 2383 1455 2415 consummasti

999 2431 1111 2472 Neque
1138 2431 1237 2464 fidem
1265 2432 1432 2472 denegasti

1046 2481 1083 2512 In
1117 2484 1180 2513 tam
1207 2482 1298 2522 gravi
1325 2481 1513 2513 certamine.

1303 2536 1340 2566 22
