1655 2713
758 183 799 187 -
852 162 920 195 210
972 179 1014 185 -

662 294 728 324 232.
771 294 811 324 ne
833 281 943 324 satiata
963 291 1096 323 Martha.

253 388 310 420 la.
340 387 487 419 Marthae
514 386 623 425 ingens
649 383 814 422 sanctitas,
935 382 996 415 lb.
1028 382 1136 422 Ipsius
1162 382 1330 423 virginitas

392 434 535 466 Moribus
563 433 675 472 ditata,
1077 429 1205 462 Summe
1229 430 1389 471 decorata,

341 482 399 514 Est
427 490 501 512 vera
526 481 679 512 securitas
1029 477 1196 510 serviendi
1222 478 1341 510 caritas

388 529 552 560 Fidelibus
581 528 664 564 data,
1078 525 1146 557 Deo
1174 524 1234 557 fuit
1260 529 1362 567 grata,

390 579 425 609 ln
453 577 548 607 caelis
575 580 696 616 parata.
1077 574 1175 612 Quem
1202 578 1249 605 est
1276 574 1450 613 hospitata.

248 666 306 696 2a.
338 664 475 702 Serpens
500 663 554 694 ille
580 662 716 702 pavidus
936 659 997 694 2b.
1031 660 1166 691 Vertens
1193 669 1289 692 naves
1316 658 1471 700 funditus,

388 711 497 742 Victus
524 715 570 741 est
595 719 652 750 per
678 719 758 749 eam,
1081 708 1215 740 Faciens
1241 708 1415 747 procellam

343 758 440 798 Signo
467 759 569 789 crucis
595 759 740 798 trepidus
1030 756 1073 788 Et
1099 756 1273 787 absorbens
1300 755 1457 793 fervidus,

393 806 561 837 Dimittens
587 815 765 846 cavernam,
1077 804 1235 835 Tollendo
1262 804 1423 835 lucernam

343 856 411 894 Qua
433 858 566 885 steterat
591 853 730 889 abditus,
1032 852 1125 883 Vitae
1149 852 1385 892 navigantibus,

391 902 497 933 Morte
523 901 699 932 trucidatus
1079 900 1141 932 Ore
1166 900 1354 940 propalatus

391 950 497 988 Atque
522 952 763 988 prosternatus3
1079 947 1122 978 Et
1149 957 1264 979 vorans
1291 948 1404 979 elatus.

254 1037 312 1068 33.
343 1036 464 1067 Fronto
490 1035 521 1066 in
548 1036 642 1066 altari
668 1040 754 1066 stans
935 1034 999 1067 3b.
1029 1034 1196 1072 Scriptura
1221 1033 1396 1065 testificans

392 1083 488 1114 Plebe
515 1087 703 1122 congregata
1075 1081 1195 1113 Deifice
1222 1080 1316 1121 facta,

346 1131 468 1169 Raptus
494 1135 541 1161 est
566 1130 767 1161 sanctificans
1029 1129 1196 1160 Tumulum
1223 1129 1426 1160 sanctificans

394 1178 477 1208 Voce
502 1178 562 1209 Dei
588 1177 683 1215 facta,
1079 1177 1153 1216 Ipsa
1179 1178 1343 1216 exspirata

350 1226 391 1258 Ut
420 1226 543 1256 videret
568 1225 687 1256 obitum
1032 1224 1174 1268 Exjidens
1201 1230 1248 1255 est
1272 1225 1437 1264 speculum

395 1273 437 1304 Et
463 1277 544 1303 esset
571 1273 699 1304 adiutor
1079 1272 1121 1303 Et
1146 1273 1231 1303 vitae
1256 1273 1401 1312 largitor,

396 1321 516 1352 Christi
543 1325 571 1350 et
600 1321 752 1351 servitor:
1083 1320 1142 1359 Qui
1169 1319 1227 1351 fuit
1254 1321 1409 1360 sepultor.

253 1408 314 1437 42.
347 1406 443 1447 Virgo
470 1411 588 1447 sancta,
617 1407 745 1447 populo,
939 1405 1000 1437 4b.
1033 1406 1074 1438 Ut
1103 1405 1241 1437 refectus
1267 1406 1385 1446 pabulo

393 1454 454 1485 Per
479 1463 570 1493 quem
598 1454 736 1485 visitaris
1084 1453 1153 1485 Cibi
1180 1454 1331 1485 salutaris

348 1501 558 1533 Tarrasconis
583 1502 713 1541 oppido,
1033 1502 1152 1533 Cernat
1178 1502 1278 1533 Deum
1303 1503 1404 1543 oculo,

395 1549 458 1581 Ubi
485 1549 660 1587 tumularis,
1084 1548 1161 1580 Cum
1187 1559 1249 1589 quo
1275 1551 1448 1589 gratularis

349 1597 489 1636 Impetra
514 1601 543 1627 et
571 1597 674 1628 subito
1035 1597 1126 1628 Celso
1152 1597 1184 1628 in
1211 1607 1362 1637 empyreo

398 1645 550 1684 Regnum.
578 1654 638 1684 quo
664 1645 791 1683 locaris,
1083 1645 1124 1676 Et
1152 1644 1352 1684 glorificaris.

307 1728 394 1755 Grad.
417 1738 468 1755 ms.
490 1730 742 1764 Nurembergense
764 1738 838 1756 saec.
865 1728 906 1756 15.
929 1730 997 1757 Cod.
1020 1731 1084 1756 Civ.
1103 1731 1331 1766 Nurembergeu.
1354 1733 1398 1758 111
1425 1731 1495 1759 15b.
1511 1747 1548 1751 —

235 1764 416 1832 {zita-Nam
439 1768 532 1802 signo.
547 1782 582 1785 —
599 1765 649 1798 ¹21),
672 1766 689 1793 ‘2
710 1768 847 1802 procella.
863 1782 898 1786 -—
913 1767 964 1800 413,
986 1767 1003 1795 2
1018 1769 1101 1796 civis
1123 1771 1274 1796 saturat-is.
1291 1784 1328 1788 ——
1343 1769 1398 1802 41),
1421 1769 1438 1797 6
1459 1771 1548 1806 glori-

661 1908 728 1938 233.
771 1909 812 1939 De
834 1910 940 1939 sancto
962 1908 1105 1940 Mal-tino.

666 2000 694 2030 1.
725 1999 849 2030 Laudet
876 1999 1035 2031 Christum

726 2047 786 2078 iam
815 2047 919 2078 contio
943 2052 1062 2080 nostra.

256 2136 316 2166 2a.
349 2134 408 2172 Qui
436 2133 561 2166 beatum
588 2133 761 2165 Martinam
942 2133 1003 2167 2b.
1034 2134 1075 2166 Et
1104 2140 1273 2174 patronum
1300 2137 1391 2169 nobis
1417 2138 1501 2170 hunc

351 2182 487 2221 replevit
512 2191 568 2213 sua
593 2182 696 2221 gratia
1038 2191 1108 2214 esse.
1135 2183 1223 2215 dedit
1250 2193 1308 2224 per
1334 2187 1473 2219 saecula.

258 2270 316 2301 32.
349 2268 445 2300 Cuius
472 2268 639 2300 recolimus
947 2268 1007 2301 3b.
1039 2269 1120 2301 Nam
1149 2270 1244 2311 digne
1268 2273 1405 2304 vertitur

354 2320 542 2348 venerantes
569 2316 745 2354 sollemnia‚
1040 2317 1073 2348 in
1101 2320 1282 2351 memoriam
1311 2327 1496 2354 cunctorum

352 2364 445 2396 beata
472 2369 640 2404 precantes
1041 2365 1308 2407 christicolarum,
1335 2370 1389 2410 qui

354 2413 420 2444 eius
446 2412 537 2444 nobis
561 2413 675 2444 adesse
1040 2416 1148 2453 posita
1173 2415 1225 2447 hic
1252 2419 1393 2456 patravit

351 2461 520 2494 iuvamina.
1039 2461 1204 2496 miracula.
