1655 2713
206 267 268 298 7a.

205 538 267 571 Sa.

718 186 765 190 7-
814 166 951 200 52-

302 265 414 298 Paucis
443 265 570 298 tandem
598 264 732 296 evolutis

347 314 428 345 Dies
453 313 568 344 natalis
595 316 735 347 venerat,

297 362 339 393 Et
365 362 404 393 ad
437 361 553 401 gaudia
578 361 688 392 salutis

349 410 438 441 Mors
460 409 588 440 Paulum
611 407 808 447 parturierat

442 457 490 488 De
514 464 657 486 maerore
676 455 805 487 saeculi.

303 538 451 568 Sanctum
480 538 557 568 haec
583 541 612 567 et
639 537 702 568 alia

348 586 539 617 Praedicant
566 585 752 623 Antonium,

302 633 398 664 Cuius
423 633 574 664 animalia

352 680 511 711 Praebent
538 680 763 711 testimonium.

207 786 215 793 ι
239 774 266 792 ι.
300 761 427 792 Nostris
453 770 510 800 per
536 767 566 792 te
592 759 734 800 flagitiis,

347 809 478 847 Antoni,
506 808 650 840 Christus
672 808 808 847 imperet

300 856 344 888 Et
368 865 424 887 nos
448 856 487 887 ab
514 856 724 887 immunditiis

348 904 460 935 Tantis
485 903 631 935 obsessos
658 903 782 935 liberet.

894 263 958 295 7b.

895 535 962 569 81».

893 760 959 793 9b.

993 262 1091 301 Quem
1118 261 1278 294 Antonius
1304 260 1463 302 quaesivit

1035 310 1134 341 Flens
1160 310 1193 341 in
1217 309 1442 350 tuguriunculo

990 358 1196 397 Duorumque
1219 357 1369 398 sepelivit

1037 406 1178 437 Leonum
1206 405 1412 446 adminiculo,

1083 454 1204 486 Carens
1230 462 1291 494 ope
1316 453 1446 487 sarculi.

994 535 1210 568 Pernoctabat
1235 535 1397 566 studiosus

1037 584 1074 614 In
1100 583 1298 614 orationibus

988 631 1147 670 Agonista
1169 631 1336 671 gloriosus,

1039 680 1204 718 imperans
1232 678 1450 711 daemonibus.

993 761 1029 792 In
1056 769 1147 799 quem
1175 764 1357 792 sanctorum
1384 760 1468 792 oculi

1035 807 1174 847 Sperant
1192 813 1223 839 et
1236 808 1329 848 plebs
1343 808 1499 848 angelica,

990 855 1056 887 Nos
1083 856 1115 887 in
1141 856 1269 888 deserto
1296 857 1414 888 saeculi

1038 904 1155 935 Pascat
1180 913 1306 935 annona
1332 904 1464 936 caelica.

262 984 343 1010 Miss.
365 984 475 1010 Diense
496 984 564 1018 imp.
588 984 710 1009 Parisiis
735 982 815 1010 1499.
832 983 865 1009 A.
882 997 916 1001 —
933 985 1070 1018 Sequent.
1088 992 1140 1010 ms.
1158 983 1186 1010 S.
1201 984 1280 1011 Petri
1299 984 1500 1020 Salisburgen.

184 1023 251 1047 anni
284 1020 365 1047 1603.

406 1022 559 1056 Appendix
580 1022 662 1047 Miss.
685 1022 808 1048 Romani
834 1023 902 1056 imp.
925 1022 1057 1048 Venetiis
1086 1020 1167 1049 1513.
1196 1023 1237 1050 (in
1259 1023 1443 1049 Bibliotheca
1471 1024 1500 1049 S.

183 1060 260 1086 Petri
285 1060 486 1094 Salisburgen.
509 1060 527 1086 S
552 1060 578 1086 ΙΙ
603 1058 637 1085 14
649 1063 683 1091 a).
706 1060 738 1086 B.
760 1074 796 1078 —
820 1058 877 1090 2b,
903 1059 914 1085 l
934 1059 1069 1086 Nondum
1091 1060 1166 1096 fugit
1181 1061 1214 1086 A.
1230 1075 1265 1078 —
1280 1059 1298 1087 3
1312 1062 1337 1090 b.
1359 1059 1377 1087 2
1398 1065 1499 1087 natum

182 1098 213 1123 B.
237 1112 270 1115 —
287 1096 304 1123 3
321 1098 346 1126 b,
368 1096 386 1123 3
407 1099 464 1123 cito
486 1097 559 1124 fehlt
580 1099 611 1124 B.
631 1111 669 1116 —
690 1097 744 1129 4a,
770 1097 780 1123 l
805 1098 886 1124 Tunc
908 1098 940 1123 B.
957 1113 992 1117 ——-
1009 1096 1065 1129 4b.
1089 1096 1106 1124 3
1129 1107 1252 1134 sequens
1274 1099 1395 1126 indubie
1415 1101 1447 1126 A.
1463 1113 1499 1117 —

179 1134 457 1199 {ssbffnssxqtimore
479 1137 511 1161 15.
533 1150 568 1153 —
591 1135 608 1161 5
620 1136 646 1165 b,
668 1134 686 1162 3
708 1135 779 1161 hora
800 1136 872 1162 fehlt
894 1137 924 1162 B.
942 1150 968 1153 —
993 1134 1046 1167 7a,
1068 1135 1087 1162 4
1108 1137 1187 1163 Mors
1210 1137 1282 1163 fehlt
1303 1138 1335 1164 B.
1352 1151 1386 1155 —
1403 1135 1458 1169 Sa,
1482 1137 1500 1164 4

210 1375 270 1406 la.

206 1727 268 1759 321.

206 2000 269 2030 42.

206 2181 268 2211 5a.

584 1285 631 1315 49.
673 1286 714 1316 De
737 1294 760 1315 s.
782 1285 915 1316 Antonio
936 1285 1089 1316 Eremita.

302 1374 358 1405 Pia
385 1383 460 1405 voce
485 1374 706 1413 praedicemus

302 1422 343 1452 Et
371 1422 493 1452 devotis
521 1422 715 1453 celebremus

346 1469 510 1500 Laudibus
535 1470 719 1501 Antonium.

261 1574 269 1582 .
307 1551 367 1581 Hic
377 1549 806 1592 contempsitmundiflorem,

299 1599 383 1637 Opes
409 1598 475 1628 eius
503 1603 533 1628 et
560 1598 711 1629 honorem

349 1646 469 1676 Parens
496 1646 670 1685 evangelio,

300 1727 385 1758 Mira
409 1726 468 1757 fuit
494 1727 560 1757 eius
588 1727 662 1767 vita,

302 1774 413 1805 Clarus
440 1773 529 1804 fulsit
555 1774 696 1812 eremita,

348 1821 411 1852 Sed
437 1830 509 1852 mox
535 1821 635 1852 hostis
662 1821 789 1853 subdoli

300 1999 369 2030 Ictu
396 1998 508 2028 crebro
533 1996 713 2037 flagellatur

299 2046 343 2077 Et
365 2056 382 2076 a
408 2046 511 2077 saevis
536 2046 696 2078 laceratur

345 2094 486 2126 Immane
513 2093 738 2134 daemonibus;

299 2179 400 2219 „Quia
426 2177 518 2210 fortis
544 2179 576 2210 in
602 2188 702 2219 agone

299 2227 481 2258 Decertasti
507 2227 644 2268 regione,

347 2275 439 2307 Omni
465 2275 699 2314 nominaberi83

243 2380 272 2394 ι.
305 2361 354 2400 ld,
381 2361 512 2401 Antoni,
539 2370 622 2392 nunc
642 2362 806 2401 impletum

298 2409 532 2449 Conspicamur
557 2413 587 2440 et
614 2410 770 2449 repletum

347 2457 501 2489 Mundum
528 2464 582 2489 tuo
606 2458 752 2500 nomine3

893 1375 959 1408 lb.

893 1551 959 1584 2b.

890 1727 954 1759 3b.

891 1998 956 2031 4b.

891 2179 958 2214 5b.

891 2362 959 2396 6b.

989 1375 1050 1406 Dei
1076 1379 1205 1407 sanctus
1230 1376 1390 1408 exaltetur

986 1423 1029 1454 Et
1055 1424 1084 1454 in
1113 1424 1178 1454 suis
1206 1424 1378 1455 honoretur

1036 1470 1160 1502 Sanctis
1187 1476 1298 1502 auctor
1323 1473 1472 1506 omnium.

991 1551 1033 1583 Et
1060 1550 1201 1592 confugit
1227 1552 1269 1584 ad
1296 1553 1467 1590 desertum,

989 1599 1032 1631 Ut
1062 1609 1123 1630 non
1151 1604 1259 1631 currat
1281 1600 1314 1631 in
1340 1602 1496 1633 incertum

1035 1647 1072 1678 In
1098 1647 1157 1678 hoc
1182 1648 1267 1678 vitae
1293 1649 1408 1682 stadio.

988 1727 1079 1759 Bella
1099 1727 1233 1767 perfert,
1261 1738 1356 1768 saepe
1382 1739 1496 1761 coucu-

1211 1776 1290 1807 titur

986 1822 1085 1854 Gravi
1124 1833 1247 1864 pugna,
1287 1833 1397 1855 verum
1435 1834 1497 1856 non

1210 1872 1350 1903 vincitur

1032 1919 1157 1950 Insultu
1185 1919 1315 1953 diaboli.

990 1999 1059 2031 Lux
1088 2000 1127 2031 de
1154 2001 1242 2032 caelo
1268 2001 1377 2032 micuit

986 2047 1030 2078 Et
1057 2047 1143 2079 clara
1168 2050 1332 2088 personuit

1032 2095 1093 2126 Dei
1119 2105 1180 2128 vox
1207 2097 1246 2128 de
1272 2097 1428 2131 nubibus:

989 2180 1034 2212 'l'e
1061 2181 1210 2213 clamabit
1236 2187 1321 2214 totus
1347 2184 1445 2221 orbis,

987 2229 1049 2260 Pro
1082 2229 1241 2269 pellendis
1273 2232 1348 2263 item
1376 2233 1495 2265 morbis

1036 2277 1122 2317 Ignis
1147 2278 1382 2313 invocaberis.“

990 2363 1060 2395 Hoc
1085 2364 1238 2404 implorat
1263 2375 1340 2406 gens
1368 2368 1495 2409 devota,

985 2411 1059 2443 Tibi
1086 2413 1141 2452 pia
1167 2413 1274 2446 defert
1300 2419 1375 2448 vota

1035 2461 1096 2493 Pro
1122 2465 1176 2493 tuo
1204 2463 1387 2497 munimine.
