1655 2713
719 136 952 171 -15-

631 238 660 270 3.
701 239 743 270 De
764 239 864 270 Beata
885 239 986 270 Maria
1007 239 1042 270 V.

592 309 791 337 Dominica
821 308 845 337 l.
873 309 1077 337 Adventus.

660 397 689 429 1.
729 397 835 439 Salve,
864 397 983 434 lumen,

731 446 816 484 quod
843 454 883 478 ex
910 445 1015 478 Maria

187 520 254 554 2³.
293 519 369 552 Sine
395 520 516 552 semine
543 523 593 552 est
618 524 726 552 natum
892 521 954 554 2b.
991 521 1088 554 Salva
1122 531 1181 562 per
1211 522 1383 554 adventum
1412 525 1498 554 tuum

291 567 384 599 nobis
410 572 522 600 sancto
548 573 671 602 ventre.
988 575 1189 610 praesentem
1217 575 1389 603 catervam.

244 653 328 680 Miss.
357 662 408 680 ms.
433 653 611 682 Stabulense
633 645 708 682 saec.
733 653 775 682 15.
799 655 870 682 Cod.
895 655 1061 683 Bruxellen.
1087 654 1168 683 1818.
1191 673 1226 676 —
1251 655 1275 687 1,
1302 655 1314 683 1
1338 656 1439 683 Salva.
1462 670 1498 674 —

158 688 220 724 2³1,
246 689 264 719 2
287 693 317 719 in
339 693 420 719 orbis
442 696 554 720 sancto.
576 708 613 712 —
638 693 748 728 „Px-osa
768 693 804 721 de
825 694 859 720 Β.
880 693 1004 721 Maria,“

629 824 658 854 4.
700 823 742 854 De
765 823 863 854 Beata
884 823 984 855 Maria
1007 825 1041 855 V.

651 893 764 920 Feria
786 891 811 920 2.
834 894 1015 921 Paschae.

191 971 254 1004 la.
289 971 370 1009 Ave,
398 970 489 1010 virgo
515 980 609 1010 quam
636 970 772 1013 beatam,
892 971 952 1004 1b.
989 972 1089 1004 Stella
1117 973 1225 1009 maris,
1254 973 1347 1004 radix
1376 974 1472 1014 Iesse,

335 1019 447 1050 dicunt
472 1027 580 1059 regum
608 1017 703 1059 filiae,
1030 1030 1147 1052 aurora
1173 1021 1324 1058 iustitiae.

180 1096 207 1127 >2
219 1104 249 1128 a.
286 1095 386 1127 Placa
411 1095 504 1127 nobis
530 1095 630 1127 solem
658 1105 778 1135 verum,
883 1096 945 1130 2b.
974 1097 1017 1129 Et
1042 1107 1120 1137 quos
1148 1098 1243 1137 culpa
1270 1097 1349 1129 facit
1375 1108 1456 1135 reos.

336 1152 410 1184 spes
436 1143 689 1183 misericordiae,
1030 1145 1135 1177 solvat
1163 1155 1276 1177 munus
1301 1148 1436 1186 gratiae,

185 1220 248 1252 32.
286 1219 330 1252 Ut
355 1219 483 1262 educas,
512 1229 590 1260 quos
616 1220 764 1260 redemit,
884 1222 947 1254 3b.
983 1222 1131 1254 Praestet
1156 1223 1260 1254 locum
1289 1233 1384 1263 prece
1412 1229 1465 1256 tua

333 1267 374 1299 de
399 1268 471 1300 lacu
497 1269 656 1301 miseriae.
1026 1270 1058 1301 in
1086 1276 1268 1303 sanctorum
1297 1274 1416 1312 requie.

238 1353 329 1381 Grad.
351 1362 405 1380 ms.
421 1353 635 1381 Cameracense
656 1362 733 1382 saec.
757 1352 801 1381 12.
817 1355 887 1382 Cod.
907 1354 1096 1383 Cameracen.
1118 1354 1156 1383 62
1176 1355 1242 1389 (61).
1265 1357 1331 1384 add.
1355 1366 1431 1385 saec.
1454 1358 1494 1386 13.

538 1487 566 1517 5.
607 1486 642 1517 ln
665 1486 859 1518 visitatione
880 1487 996 1518 Beatae
1019 1488 1054 1518 M.
1078 1488 1113 1518 V.

175 1568 241 1600 1a.
277 1567 393 1599 Salvae
419 1567 554 1608 virginis
581 1567 708 1599 Mariae
882 1568 942 1602 lb.
978 1568 1175 1601 Fecunditas
1204 1571 1348 1610 virginea

327 1615 371 1647 Et
397 1615 509 1647 matris
533 1615 722 1648 clementiae
1024 1617 1134 1649 Sterili
1159 1620 1377 1659 congreditur,

279 1663 459 1695 veneretur
483 1663 514 1694 in
543 1663 603 1694 hac
629 1663 682 1695 die
976 1666 1018 1697 Et
1042 1666 1100 1697 alti
1127 1667 1212 1708 regis
1241 1666 1305 1699 filia

328 1711 501 1744 Unicornis
527 1712 661 1752 gratiae,
1023 1714 1132 1746 Mater
1159 1716 1240 1747 clam
1268 1715 1419 1750 efficitur.

279 1759 411 1792 Festum
440 1760 553 1792 domus
579 1760 756 1792 Zachariae
977 1762 1025 1794 De
1051 1773 1114 1794 una
1141 1764 1252 1804 stirpis
1280 1765 1365 1796 linea

324 1808 436 1840 Honor
462 1809 503 1840 sit
531 1809 696 1842 ecclesiae.
1025 1811 1153 1853 Insigne
1180 1814 1398 1853 progreditur.

172 1888 243 1920 22.
282 1885 488 1919 Venerabilis
513 1895 654 1927 persona
876 1888 940 1921 2b.
976 1888 1052 1920 Sine
1079 1898 1156 1920 voce
1183 1891 1355 1922 exsultavit

327 1934 535 1967 Praeminens
559 1945 621 1967 nou
649 1936 755 1975 latuit,
1026 1937 1122 1969 Verbi
1150 1948 1211 1970 vox
1238 1940 1420 1978 praeconio,

273 1983 362 2023 Quae
391 1993 465 2024 non,
492 1984 598 2016 aliena
625 1983 709 2016 bona
975 1986 1018 2018 Et
1042 1986 1210 2018 Elisabeth
1235 1988 1367 2027 expavit

324 2032 370 2066 Ut
395 2032 533 2073 videret,
558 2031 676 2072 adfuit,
1026 2035 1101 2066 Viso
1129 2045 1200 2067 mox
1228 2037 1393 2076 mysterio,

275 2080 382 2121 Digne
407 2090 534 2121 quoque
560 2090 618 2113 sua
645 2082 729 2114 dona
982 2083 1179 2125 „Benedicta
1206 2084 1259 2115 tu“
1291 2085 1441 2116 clamavit

321 2129 448 2161 Audire
474 2130 663 2170 promeruit.
1027 2133 1126 2171 „Cum
1156 2131 1262 2164 fructu
1281 2133 1312 2165 in
1332 2134 1487 2174 gremio.“

138 2202 140 2205 ’
166 2208 236 2242 -3a.
276 2207 393 2251 „Unde
419 2207 508 2247 mihi,
536 2207 617 2239 caeli
646 2216 719 2239 rore
876 2208 937 2243 3b.
980 2209 1051 2241 Non
1075 2210 1106 2242 in
1134 2210 1269 2251 gloriam
1296 2211 1400 2243 erexit

319 2257 405 2297 Quae
429 2256 579 2297 concepit
607 2255 789 2297 Dominum,
1022 2257 1113 2289 Haec
1139 2258 1248 2290 oblata
1274 2259 1387 2300 gloria,

272 2304 433 2345 virginali
460 2313 531 2337 cum
558 2304 684 2345 pudore
975 2306 1058 2338 Vera
1085 2306 1214 2338 humilis
1241 2305 1366 2338 reflexit

319 2353 470 2386 Pal-itura
494 2352 607 2391 filium,
1018 2354 1082 2386 Sed
1106 2354 1139 2386 in
1167 2363 1237 2386 eum
1264 2356 1382 2396 omnia,

265 2401 363 2435 Meae
388 2401 473 2442 proli
500 2402 587 2434 Iesse
613 2399 693 2433 flore
973 2403 1025 2434 Ad
1053 2403 1203 2434 ancillam
1227 2404 1281 2443 qui
1309 2405 1452 2444 respexit

315 2450 459 2484 Intulisti
483 2447 681 2491 gaudium?“
1021 2450 1177 2492 Fecitque
1203 2452 1373 2492 magnalia.
