1655 2713
743 119 999 154 -248—

401 213 420 244 2
435 212 464 246 b.
496 214 578 252 Quas
603 214 748 254 angelica
773 215 968 248 revelatione

496 259 639 300 Suscepit
665 271 724 300 pro
749 263 957 302 plurimorum
984 265 1088 298 salute

492 309 520 338 A
547 318 630 347 papa
657 309 767 351 Sergio
793 320 920 351 semper
946 315 1151 347 memorando

492 355 685 387 Sublimatus
711 357 1008 400 archiepiscopatus
1034 361 1151 396 officio.

394 441 452 471 3a.
486 440 555 470 Hae
582 441 733 473 divinitus
759 447 833 475 sunt
860 450 1082 486 augmentatae

489 487 517 518 A
546 487 686 520 fidelium
714 491 928 526 multitudine.

393 571 454 603 3b.
488 573 549 604 Per
575 573 630 604 hos
658 584 732 615 ergo
758 576 794 607 fit
822 578 922 611 virtus
948 581 1109 620 signorum

485 620 525 651 Et
553 622 672 653 sanitas
698 632 820 656 morum
848 630 879 657 et
905 637 1084 669 corporum.

386 706 445 736 4a.
479 705 651 739 Caeeorum
678 710 760 741 oculi
787 711 1017 757 illuminantur,

481 755 584 786 Aures
611 757 778 789 surdorum
806 761 1003 800 aperiuntur,

384 837 446 872 4b.
477 839 517 870 Et
546 841 672 873 clausae
698 850 855 877 mutorum
882 847 1008 888 linguae
1033 852 1199 885 solvuntur

479 887 519 918 Et
547 898 671 927 gressus
699 892 883 925 claudorum
910 897 1099 932 solidantur.

1203 879 1209 894 7

382 973 442 1004 53.
475 972 607 1012 Leprosi
635 977 837 1017 mundantur7

475 1020 516 1051 Et
536 1023 623 1061 aegri
650 1030 819 1067 curantur,

476 1067 568 1107 Vera,
595 1070 732 1114 inquam,
761 1075 845 1106 salus
871 1077 990 1108 cunctis
1016 1082 1214 1123 rependitur,

473 1115 505 1146 Si
533 1117 577 1147 eis
605 1118 729 1150 debitus
757 1121 856 1154 honor
881 1123 1087 1163 impenditur.

379 1200 397 1230 5
413 1198 441 1230 b.
472 1201 672 1242 Quapropter
697 1206 880 1238 sollemnem

473 1248 532 1279 His
559 1250 667 1282 demus
695 1252 855 1289 honorem.

473 1295 608 1328 Sanctae
630 1304 724 1338 atque
751 1302 823 1340 piae
849 1313 956 1336 earum
983 1309 1116 1352 animae,

472 1343 534 1374 Pro
560 1345 650 1377 nobis
677 1345 804 1392 [Deum]
833 1360 958 1391 semper
983 1355 1181 1392 intercedite.

372 1427 430 1458 63.
464 1427 590 1460 stantes
617 1433 831 1475 corroborate,
859 1447 897 1469 ne
924 1441 1050 1479 cadant,

464 1475 506 1506 Et
534 1477 640 1516 lapsos
665 1481 825 1525 adiuvate,
854 1490 887 1516 ut
917 1494 1065 1531 surgant3

369 1558 432 1593 6b.
464 1561 499 1592 Iu
526 1562 585 1593 hac
610 1565 675 1596 vita
701 1564 784 1611 [vos]
813 1579 869 1602 nos
895 1575 1052 1606 custodite

464 1607 506 1639 Et
531 1616 603 1649 post
629 1612 710 1645 hanc
735 1617 775 1646 ad
802 1623 962 1651 aeternam
990 1622 1106 1657 ducite.

401 1693 430 1726 7.
461 1695 549 1734 Quod
577 1697 653 1728 dare
681 1699 822 1741 dignare,
852 1711 960 1738 sancte
989 1714 1182 1746 sanctorum.

254 1773 341 1809 Trop.
367 1786 418 1802 ms.
440 1778 655 1813 Epternacense
677 1792 752 1812 saec.
775 1786 846 1814 ¹¹³12.
869 1791 938 1817 (md.
960 1793 1085 1822 Parisin.
1111 1796 1215 1826 10510.
1238 1816 1274 1820 —
1296 1802 1349 1837 5b,
1371 1804 1389 1832 3
1411 1807 1493 1841 Quos

179 1814 305 1839 sanctae.
320 1827 358 1832 —
371 1813 428 1853 61)),
448 1814 466 1842 2
487 1819 643 1853 perducite.
659 1836 695 1840 —
710 1824 836 1853 Melodie
858 1829 887 1854 in
902 1831 1034 1859 Neumen
1050 1835 1111 1867 „Ad
1126 1837 1296 1867 melodiam:
1317 1843 1493 1874 Laudate

177 1848 317 1877 Deum“.
344 1868 379 1872 —
408 1855 606 1884 Uberschrift:
624 1861 688 1903 '„1n
715 1869 990 1896 commemoratione
1022 1877 1216 1902 sanctorumf
1239 1893 1276 1897 —
1295 1881 1371 1910 Jede
1398 1884 1492 1913 Halb-

601 2211 668 2241 280.
709 2213 749 2244 De
770 2218 878 2248 sancto
899 2217 1052 2254 Remaclo.

542 2309 572 2341 1.
604 2310 782 2353 Remaclus‚
811 2316 859 2347 vir
885 2318 1014 2365 nobilis,

603 2359 733 2392 Praesul
760 2365 951 2399 venerabilis

646 2407 830 2443 Sanctitatis
857 2413 969 2453 gloria.
