1655 2713
718 139 953 173 —14-

201 237 261 270 6³.
298 238 392 270 Latet
418 237 450 268 in
476 237 603 277 angulo,
889 235 951 269 6b.
986 236 1013 269 Ο
1039 235 1129 276 virgo
1155 235 1325 276 virginum,

343 286 401 325 Qui
428 286 509 324 regit
533 285 673 325 aethera,
1032 283 1125 316 Nova
1149 292 1320 323 puerpera,

297 334 393 373 vagit
417 334 449 364 in
476 333 611 373 stabulo,
982 333 1120 365 Precare
1144 331 1314 363 Dominum

343 382 410 420 Quo
437 382 575 421 gaudent
601 389 727 420 supera,
1029 379 1073 412 Et
1097 384 1173 411 nato
1198 379 1331 422 impera,

297 428 446 460 Nutritur
472 429 599 469 pabulo,
983 427 1043 459 Dei
1069 433 1102 460 et
1127 427 1287 459 hominum

343 477 410 516 Quo
436 477 547 507 vivunt
573 479 689 507 cetera.
1030 475 1097 508 Fac
1122 475 1154 507 in
1179 478 1212 506 te
1238 473 1389 514 foedera;

602 581 631 612 7.
671 580 722 611 Ad
750 583 873 619 patrem
900 580 1052 611 luminum

718 627 785 659 Nos
811 627 861 659 fer
886 632 958 667 post
982 627 1105 662 funera.

253 723 371 750 Collect,
388 732 440 749 ms.
458 722 629 749 Aureliense
645 730 720 749 saec.
737 721 780 749 15.
795 724 834 748 in.
849 722 918 750 Cod.
938 722 1055 749 Archiv.
1065 723 1252 749 Lemovicen¹
1266 722 1293 749 D
1311 719 1393 748 1221.
1406 721 1440 748 A.
1459 737 1492 741 —

177 761 259 788 Miss.
288 770 340 787 ms.
369 762 743 788 Franciscano-Romanum
771 762 841 787 anni
872 759 952 788 1451,
982 761 1051 787 Cod.
1084 762 1205 789 Univer.
1228 760 1380 787 Padovau.
1408 756 1494 787 2203.

177 800 210 826 B.
231 814 266 817 —
292 799 346 830 la,
373 799 389 826 5
417 801 480 833 Quo
502 800 534 825 Β.
556 813 592 817 -
616 799 672 830 11),
699 797 717 825 2
738 803 816 826 terra
838 800 871 825 B.
893 814 928 817 —
951 799 1008 826 Str.
1032 798 1075 826 ⁸2³
1097 809 1124 826 u.
1147 797 1189 826 2b
1211 798 1381 834 umgestellt
1403 799 1434 825 B.
1456 812 1492 816 —

176 836 233 869 2a,
267 836 284 864 2
312 838 362 865 Sol
390 839 486 864 oriens
515 838 546 864 B.
575 851 611 855 —
639 835 697 868 21),
726 836 743 863 6
765 837 869 872 Opifex
891 839 1022 864 nascitur
1042 838 1075 864 A.
1096 852 1134 856 —
1155 836 1205 868 61),
1227 837 1244 864 5
1267 837 1379 864 homini
1401 837 1433 864 B.
1455 851 1492 855 —

175 874 229 907 61),
251 875 267 903 6
289 877 345 902 Fac
368 876 442 902 idem
464 876 496 902 B.
518 891 555 894 —
576 876 702 902 Melodie
724 875 875 902 vielleicht
899 877 1037 910 „Mittit
1063 876 1105 903 ad
1126 874 1343 912 virginem“.
1372 889 1409 893 —
1430 876 1492 902 Aus

176 914 199 939 A
230 915 339 940 konute
364 915 410 940 ich
433 916 470 940 im
493 914 591 940 Bande
616 914 745 941 XXXIX
765 914 927 945 (Vorwort⁷
949 914 978 941 S.
1001 913 1028 947 9)
1047 923 1102 941 nur
1123 914 1171 940 die
1192 914 1255 941 drei
1277 917 1374 940 ersten
1397 913 1491 940 Halb-

176 952 314 987 strophen
338 953 499 985 mitteilen;
521 961 608 979 unser
630 952 744 979 Freund
766 953 803 979 H.
822 952 862 978 M.
886 953 1043 980 Bannister
1065 952 1220 980 entdeckte
1243 953 1274 979 in
1295 953 1318 979 B
1339 951 1490 988 gliicklich

178 990 225 1018 die
246 991 442 1027 vollstssindige
464 992 605 1025 Sequenz.

630 1122 656 1151 2.
692 1121 733 1151 De
755 1121 886 1159 corpore
903 1120 1029 1151 Christi.

574 1221 604 1252 1.
643 1220 703 1251 Est
728 1220 780 1250 hic
805 1220 897 1259 panis
923 1220 1090 1259 gloriosus,

645 1267 801 1306 Summus,
829 1276 949 1298 summe
975 1268 1143 1307 gratiosuS,

691 1315 774 1346 Mira
801 1315 880 1346 dans
909 1316 1074 1349 solamina.

196 1409 257 1440 2a.
294 1409 389 1440 Panis
415 1418 512 1440 cenae
538 1414 760 1449 praesentatus
879 1410 941 1443 2b.
979 1411 1074 1443 Panis
1101 1409 1189 1451 felix,
1217 1412 1432 1453 triumphalis,

290 1455 363 1487 Fuit
390 1457 492 1497 nobis,
520 1461 550 1488 et
578 1458 712 1490 donatus
975 1458 1100 1490 Titulus
1127 1459 1330 1499 caelestialis‚

334 1504 432 1536 Manu
459 1505 645 1544 sapientiae.
1024 1506 1087 1538 Res
1112 1507 1364 1541 misericordiae.

196 1599 257 1631 3a.
294 1599 388 1631 Panis
415 1601 537 1631 animas
564 1600 740 1632 defendens
881 1601 942 1634 3b.
978 1602 1086 1640 Panis,
1113 1602 1202 1634 cibus
1228 1603 1425 1643 angelorum,

289 1646 423 1679 Nostras
441 1657 568 1688 semper
582 1653 611 1680 et
626 1654 795 1688 protegens
975 1649 1056 1681 Toto
1084 1655 1177 1681 coetu
1204 1650 1371 1683 beatorum

333 1695 385 1726 Ab
412 1696 502 1727 hoste
527 1696 706 1736 superbiae.
1021 1697 1087 1729 Dat
1113 1699 1224 1738 regina
1248 1699 1382 1739 gloriae,

193 1790 252 1820 4a.
281 1789 376 1820 Panis
402 1790 535 1821 obvians
562 1792 681 1832 ruinae,
878 1792 940 1825 4b.
978 1793 1086 1826 Panis.
1113 1793 1167 1832 qui
1192 1803 1286 1826 sanas
1312 1795 1485 1835 languores

287 1836 400 1868 Turris
426 1837 529 1877 plebis
555 1839 744 1878 peregrinae
973 1840 1017 1872 Et
1041 1839 1148 1872 aufers
1174 1845 1300 1874 nostros
1328 1843 1456 1876 dolores

333 1885 547 1917 Adversando
573 1887 729 1919 daemoni.
1022 1888 1125 1920 Huius
1151 1890 1261 1922 mundi
1287 1892 1406 1924 miseri.

190 1981 249 2013 5a.
278 1980 383 2019 Panis,
411 1981 464 2020 qui
490 1981 579 2013 ducis
605 1982 646 2014 ad
666 1986 792 2022 portum
877 1983 939 2016 51).
975 1983 1082 2024 Panis,
1109 1984 1164 2024 qui
1190 1985 1248 2017 das
1274 1987 1461 2025 paradisum

283 2027 327 2059 Et
351 2038 527 2068 praeparas
552 2029 644 2061 nobis
667 2031 792 2062 hortum
971 2031 1015 2063 Et
1040 2033 1183 2064 ostendis
1210 2033 1313 2066 Deum
1340 2036 1445 2068 vivum

331 2076 452 2116 Optimi
479 2077 596 2109 delicii.
1019 2079 1157 2120 Superni
1183 2082 1306 2121 palatii.

554 2175 587 2207 6.
628 2174 693 2206 Iste
718 2175 810 2214 panis
835 2178 901 2207 tres
926 2175 1076 2215 aequales

625 2223 663 2254 In
689 2231 724 2254 se
749 2222 891 2255 continet
916 2223 1042 2255 vocales

671 2269 831 2302 Trinitate
855 2272 994 2305 numine.

238 2363 372 2391 Ordinar.
397 2373 447 2391 ms.
471 2365 631 2392 Casinense
653 2373 729 2392 saec.
753 2363 796 2393 14.
811 2365 881 2394 Cod.
895 2366 1032 2394 vatican.
1052 2365 1138 2396 9340.
1164 2383 1196 2388 —
1217 2369 1274 2397 Mit
1286 2370 1426 2400 Melodie.
1441 2388 1478 2393 —

159 2399 212 2435 21),
233 2400 252 2430 3
267 2402 338 2430 Rex.
360 2417 396 2422 —
416 2402 469 2436 5b‚
491 2401 509 2430 2
529 2403 548 2430 1.
571 2404 626 2431 Dei
646 2405 764 2431 visum?
786 2419 822 2424 —
842 2403 868 2437 6,
890 2402 908 2432 2
928 2406 1072 2434 contines.
1091 2421 1129 2426 —-
1151 2408 1210 2435 Der
1224 2408 1343 2446 Anfang
1363 2411 1479 2440 scheint

159 2449 196 2468 zu
223 2441 335 2474 fehlen,
364 2441 440 2469 wohl
465 2442 540 2469 auch
560 2441 613 2470 der
633 2440 760 2470 Schluss.
782 2457 819 2461 —
840 2443 991 2472 Abschrist
1010 2453 1069 2472 von
1090 2445 1162 2474 Rev.
1186 2447 1226 2475 H.
1246 2448 1287 2475 M.
1308 2449 1477 2479 Banuister.
