1655 2713
733 152 956 186 -44-

654 294 705 324 40.
747 294 788 324 De
809 293 920 323 sancta
941 292 1044 322 Anna.

592 394 621 424 1.
661 393 742 430 Ave,
768 391 937 431 praeclara

660 442 772 475 mater,
801 442 906 480 Anna,
933 448 971 471 ex
997 449 1061 480 qua

661 487 715 518 lux
741 487 893 528 gentium,
920 487 1027 519 Maria

661 535 761 575 virgo,
789 533 850 566 fuit
875 539 956 567 orta.

211 643 270 674 2a.
305 641 383 680 Ave,
412 639 480 671 Deo
507 643 608 680 grata,
900 639 963 673 2b.
997 641 1077 678 Ave,
1105 640 1210 672 tribus
1237 641 1314 674 data

302 696 418 727 parens
445 687 549 726 beata,
995 689 1133 730 sponsis,
1159 694 1272 722 ornata

301 744 382 774 quae
408 736 518 767 mundi
546 735 705 777 decorem,
994 737 1123 777 triplice
1152 737 1269 777 Maria,

304 787 437 814 matrem
464 783 541 814 solis
567 783 718 821 iustitiae,
994 794 1125 824 quarum
1153 786 1259 824 prima
1286 786 1369 818 caeli
1396 787 1458 826 via,

302 839 341 862 ex
368 836 479 862 sancta
504 840 599 862 carne
993 832 1077 869 luna.
1105 833 1282 873 stellaeque

301 878 391 910 ducis
417 879 448 909 in
476 879 596 911 orbem.
994 881 1076 912 duae
1101 886 1241 913 secutae.

207 983 267 1014 3a.
302 983 360 1024 Tu,
388 983 481 1014 radix
508 983 604 1022 vitae,
896 984 958 1017 3b.
994 985 1042 1016 Tu
1068 985 1163 1025 plena
1187 985 1252 1018 fide

302 1040 406 1062 rosam
431 1031 534 1063 almae
557 1032 667 1071 stirpis
693 1032 780 1063 Iesse
991 1038 1101 1064 sancto
1128 1034 1270 1066 Ioachim
1299 1036 1415 1068 comite

300 1079 473 1118 protulisti,
989 1080 1135 1112 obtulisti

301 1135 394 1165 quam
417 1132 526 1165 patres
545 1126 810 1159 desideraverunt
989 1128 1022 1159 in
1049 1129 1168 1168 templo
1195 1130 1293 1161 decus
1312 1131 1501 1172 virgineum,

302 1174 394 1204 simul
421 1178 451 1204 et
478 1175 664 1214 prophetae.
991 1181 1125 1207 matrem
1151 1177 1319 1214 EmanueL

258 1277 339 1303 Miss.
368 1286 420 1303 ms.
447 1275 474 1303 S.
504 1277 583 1304 Petri
609 1278 772 1304 Insulensis
801 1287 876 1306 saec.
908 1278 951 1305 15.
979 1279 1050 1307 Cod.
1075 1281 1203 1308 Insulen.
1234 1280 1279 1308 25.
1302 1283 1334 1309 A.
1358 1297 1395 1302 —
1416 1284 1500 1311 Miss-

178 1315 367 1341 Tornacense
395 1316 463 1349 imp.
486 1315 608 1342 Parisiis
640 1315 719 1343 1498.
743 1317 774 1342 B.
797 1330 834 1335 —
855 1318 938 1344 Miss.
959 1319 1146 1346 Tornacense
1175 1321 1244 1355 imp.
1268 1321 1394 1348 Parisiis
1418 1320 1500 1350 1509.

179 1353 211 1379 C.
242 1366 278 1371 -—
306 1353 388 1378 Miss.
413 1353 599 1380 Toruaeense
626 1355 695 1389 imp.
717 1355 839 1381 Parisiis
864 1354 944 1382 1540.
967 1357 1002 1383 D.
1025 1370 1060 1374 —
1092 1357 1122 1389 1,
1151 1356 1169 1385 3
1189 1359 1285 1386 Maria
1314 1360 1387 1387 fehlt
1408 1361 1442 1387 A.
1464 1376 1500 1379 —

180 1389 198 1416 2
209 1399 234 1421 a,
256 1389 274 1416 4
290 1392 391 1416 matris
408 1391 499 1417 solem
515 1392 548 1418 A.
566 1406 598 1409 —
615 1392 742 1419 Melodie
757 1393 958 1420 selbstredend
973 1394 1020 1421 die
1037 1395 1088 1422 der
1103 1396 1348 1433 Mariensequenz
1362 1399 1500 1434 gleichen

179 1428 340 1464 Anfanges,
363 1429 433 1455 aber
453 1429 585 1464 gekfirzt.

650 1570 693 1600 41.
734 1570 776 1601 De
797 1574 907 1602 sancta
927 1573 1024 1603 Anna.

205 1668 221 1700 1
235 1676 264 1699 a.
299 1667 437 1699 Verbum
464 1667 577 1699 bonum
606 1669 779 1700 muntiatur
892 1672 907 1703 1
921 1671 941 1702 b
988 1673 1050 1704 Per
1068 1673 1153 1712 quod
1171 1674 1304 1706 verbum
1322 1675 1494 1719 hilaratur,

299 1716 412 1746 Annae
439 1715 533 1757 tristi,
565 1725 659 1755 quam
686 1717 807 1748 solatur
984 1721 1109 1752 Sterilis
1135 1731 1208 1753 mox
1239 1722 1442 1765 fecundatur,

298 1763 451 1803 Angelus,
477 1767 512 1793 ut
537 1763 610 1794 huic
632 1763 779 1803 profatur
984 1767 1116 1808 Absque
1129 1779 1230 1801 naevo
1241 1771 1496 1814 impraegnatur,

345 1810 393 1841 De
419 1816 574 1850 conceptu
600 1811 702 1853 filiae,
1030 1816 1119 1848 Parit
1144 1822 1279 1850 matrem
1305 1822 1438 1860 gratiae.

201 1916 263 1946 2a.
298 1916 380 1952 Ave,
407 1916 474 1946 veri
501 1916 679 1948 Salomonis
889 1919 951 1952 2b.
987 1921 1067 1958 Ave,
1093 1923 1215 1961 prolem
1243 1926 1391 1966 genuisti,

298 1962 414 1994 Matris
442 1967 554 2002 mater,
581 1973 662 2003 quae
680 1965 805 1996 coronis
985 1969 1048 2000 Per
1065 1979 1157 2009 quam
1176 1973 1295 2004 mundo
1313 1974 1394 2006 luxit
1408 1976 1496 2008 tristi

296 2010 391 2041 Miris
418 2009 530 2052 fulges,
557 2012 631 2043 altis
657 2012 780 2044 thronis
984 2016 1088 2048 Verus
1116 2019 1184 2058 sol,
1211 2030 1273 2060 quo
1299 2022 1496 2062 dispaudisti

343 2058 379 2089 In
404 2059 534 2090 caelesti
559 2059 675 2099 patria.
1031 2066 1120 2097 Caeli
1146 2067 1238 2100 nobis
1263 2071 1360 2104 atria.

199 2163 259 2195 3a.
294 2164 382 2201 Ave,
417 2173 553 2203 sponsae
586 2164 677 2196 verbi
711 2169 802 2205 grata
885 2167 948 2201 3b.
983 2169 1215 2211 Supplicamus,
1243 2184 1301 2206 nos
1327 2177 1433 2209 solare

293 2211 408 2252 Mater,
436 2213 542 2250 Anna,
568 2212 675 2244 David
701 2217 785 2255 nata,
981 2217 1105 2250 Tristes
1131 2224 1161 2251 et
1188 2230 1259 2253 reos
1286 2224 1420 2264 dignare

294 2259 331 2290 Iu
356 2260 497 2291 solamen
524 2261 641 2292 mundo
668 2261 754 2301 data,
983 2265 1053 2297 Deo
1079 2272 1186 2307 gratos
1211 2278 1422 2310 praesentare

338 2307 528 2340 Nostrorum
554 2307 721 2349 refugium.
1026 2315 1079 2346 Ad
1106 2324 1223 2357 perpes
1246 2319 1435 2360 tripudium.

247 2411 331 2438 Miss.
351 2421 404 2440 ms.
427 2412 607 2448 Cysouiense
627 2422 704 2442 saec.
728 2413 772 2442 16.
793 2401 864 2444 eod.
885 2417 1017 2447 Insulen.
1037 2416 1082 2446 37.
1105 2434 1141 2440 —
1162 2421 1306 2451 Melodie:
1329 2425 1355 2452 V
1363 2435 1379 2454 e
1388 2435 1401 2453 r
1409 2427 1427 2454 b
1435 2436 1455 2455 11
1464 2437 1492 2456 m

171 2450 306 2478 bonum
333 2454 370 2478 et
399 2461 523 2479 suave.
