1655 2713
699 175 747 180 —
795 157 865 193 303
917 179 960 184 —

162 242 246 276 192.
278 243 420 278 Visitare
444 257 504 280 nos
533 250 686 292 digneris,

280 292 358 336 Nos,
383 294 411 326 si
437 296 554 339 placet,
584 300 776 343 consoleris3

280 341 317 373 In
343 342 490 376 adversis
517 345 728 389 confortetur,

282 388 352 421 Nec
378 390 419 423 de
445 392 537 426 nobis
564 395 746 428 vindicetur

327 437 396 471 Tua
423 439 494 472 fulti
523 442 702 484 clementia,

856 256 899 289 19
912 256 943 288 b.
976 256 1066 289 Sicut
1091 257 1251 298 quondam
1279 257 1418 290 visitasti

975 305 1069 338 Hanc
1081 314 1274 348 germanam,
1294 315 1389 346 quam
1404 315 1491 339 ama-

1202 354 1243 386 sti

975 401 1168 442 Obsequium
1218 380 1405 444 impendisti

977 449 1022 481 Et
1046 460 1065 482 a
1091 451 1184 482 malis
1210 451 1392 493 protexisti,

1023 498 1093 530 Tua
1118 497 1240 532 referta
1265 499 1380 540 gratia.

234 561 358 589 Collect.
385 572 438 590 ηις.
461 565 646 594 Victorinum
673 577 748 597 saec.
773 568 829 605 [13.
854 569 910 607 15.]
938 570 971 599 16
996 572 1066 600 cod.
1088 574 1215 601 Parisin.
1240 572 1348 602 14872.
1370 589 1407 593 —
1432 576 1489 602 Mit

153 598 207 626 der
236 600 346 628 Chiffre
374 602 425 629 des
454 604 588 632 Auctors.
617 621 655 625 —
681 606 756 641 1312,
783 608 801 635 4
828 609 868 636 Et
897 610 993 638 rebus.
1016 626 1052 630 «-
1075 613 1142 640 Wie
1171 614 1201 640 in
1230 614 1326 640 dieser
1354 616 1487 650 Sequenz

151 637 222 670 (Str.
245 636 263 666 3
285 648 313 666 u.
338 639 391 673 11),
414 651 446 669 so
469 643 585 671 werden
607 646 661 672 wir
682 646 758 673 noch
774 647 848 674 oster
862 649 1055 682 beobachten,
1078 651 1142 677 dass
1159 652 1284 687 Stroplie
1299 653 1357 680 und
1372 653 1486 689 Gegen-

153 677 275 713 strophe
297 680 327 705 in
349 678 401 707 der
414 681 556 709 Verszalil
573 683 748 717 differieren,
769 694 844 721 ganz
859 687 1026 722 abgesehen
1043 698 1110 716 vom
1125 690 1303 725 ungleichen
1320 691 1485 726 Rhymmus

154 713 223 746 (Str.
245 715 272 749 5,
297 715 340 750 10,
367 717 419 750 17).

614 844 681 876 338.
723 846 764 877 De
785 850 896 878 sancta
919 849 1016 879 Anna.

176 938 236 973 la.
267 940 365 981 Ecce,
391 945 517 982 tempus
543 949 771 984 opportunum,

272 988 486 1023 Convenimus
511 1001 568 1024 nos
595 993 626 1024 in
653 1003 759 1035 unum,

265 1037 310 1069 Ut
335 1038 367 1069 in
394 1038 490 1070 laude
517 1041 693 1072 conditoris

316 1086 543 1125 Impendamus
561 1088 646 1120 vires
661 1089 778 1124 cordis.

170 1172 230 1206 2a.
262 1173 368 1213 Anna,
393 1183 502 1214 regum
530 1177 700 1216 progenies

264 1220 309 1252 Et
335 1222 539 1254 sacerdotum
565 1225 675 1261 series,

263 1268 300 1300 In
327 1273 359 1300 te
386 1270 539 1302 virtutum
566 1274 701 1314 species,

310 1316 385 1350 Sola
415 1324 519 1352 mater
545 1321 613 1352 sine
639 1322 730 1362 pari3

163 1403 225 1437 aa.
257 1403 309 1436 Ex
336 1405 435 1446 regali
461 1406 564 1447 stirpe
590 1411 676 1446 nata,

263 1452 419 1492 Coniugio
446 1455 606 1498 copulata,

311 1500 489 1534 Consecuta
512 1507 579 1535 tres
606 1505 749 1545 maritos,

160 1589 224 1620 4a.
257 1589 354 1621 Anna
379 1593 492 1630 mater,
521 1595 624 1623 mater
650 1594 755 1631 Anna,

258 1636 337 1668 Sunt
364 1642 419 1670 tua
446 1639 530 1671 dona
555 1649 680 1683 magna,

304 1686 400 1718 Anna
427 1693 519 1720 sonat
547 1689 703 1731 gratiam3

157 1774 219 1806 5a.
255 1773 346 1805 Haec
380 1775 411 1806 in
438 1775 533 1807 domo
559 1785 619 1816 per
645 1778 771 1810 vicenos

256 1821 334 1854 Cum
359 1824 475 1856 marito
502 1824 581 1856 vixit
610 1835 711 1858 annos

303 1870 378 1904 Sine
405 1871 513 1905 fructu
540 1874 689 1915 coniugii,

155 1959 218 1991 6a.
244 1958 334 1991 Bona
361 1968 417 1991 sua
444 1959 644 2001 conferebat,

250 2007 424 2048 Tripharie
451 2008 629 2050 dividebat,

301 2056 429 2089 Partem
456 2058 578 2098 templo
597 2063 627 2090 et
647 2059 764 2100 egenis,

151 2143 212 2177 7a.
243 2143 304 2187 Et,
339 2145 460 2176 sterilis
487 2154 569 2185 quae
595 2155 658 2178 non
685 2150 764 2187 erat,

248 2192 401 2225 Paritnra
426 2193 632 2226 maledictam

295 2241 364 2274 Lex
387 2242 520 2282 antiqua
537 2243 761 2287 praedicabat,

146 2330 208 2363 Sa.
241 2328 399 2362 Caelestis
425 2329 567 2369 nuntius,

244 2376 342 2410 Cuius
368 2378 475 2410 vultus
502 2378 678 2419 angelicus,

244 2425 304 2466 Qui
330 2426 448 2459 missus
474 2427 609 2459 caelitus

289 2474 411 2508 Reddit
432 2479 552 2508 certam
574 2475 614 2508 de
628 2476 758 2509 nuntio:

871 950 886 980 1
904 947 933 980 b.
966 948 1085 988 Nequit
1112 951 1191 981 satis
1218 952 1373 983 admirari

964 996 1058 1027 Mens
1095 997 1231 1030 humana
1259 1009 1316 1030 nec
1343 1000 1479 1039 profari,

963 1046 1090 1083 Quanta
1127 1046 1222 1078 laude
1257 1049 1481 1088 prosequenda

1010 1092 1118 1124 Mater
1152 1096 1264 1126 matris
1296 1096 1477 1129 salvatoris.

865 1178 926 1212 ab.
962 1178 1138 1212 Infecunda
1165 1190 1224 1220 pro
1251 1185 1410 1223 tempore,

962 1228 1066 1268 Prope
1102 1239 1303 1261 marcescens
1331 1240 1476 1270 corpore,

962 1276 1044 1308 Toto
1069 1278 1174 1309 soluta
1202 1279 1310 1318 vigore

1011 1325 1103 1357 Dono
1129 1326 1225 1366 plena
1251 1327 1417 1367 singulari.

866 1410 928 1444 3b.
960 1411 1002 1443 Et
1030 1421 1068 1443 ex
1095 1413 1151 1445 illa
1177 1413 1268 1454 prole
1294 1418 1407 1446 sancta

960 1461 990 1492 A
1017 1461 1153 1492 saeculis
1179 1462 1325 1494 inaudita

1001 1508 1474 1550 Fructusconferensoptimos.

863 1594 925 1627 41).
960 1595 1041 1627 Tota
1066 1595 1151 1628 facta
1175 1598 1326 1637 gratiosa.

958 1643 1062 1684 Super
1088 1655 1197 1676 omnes
1223 1647 1380 1686 speciosa,

1006 1693 1156 1733 Magnam
1177 1693 1284 1726 ferens
1304 1696 1468 1732 laetitiam.

859 1779 919 1812 5b.
953 1780 1067 1821 Neque
1094 1786 1196 1813 cessat
1223 1792 1242 1814 a
1268 1783 1396 1824 divinis,

955 1829 1037 1861 Tota
1064 1830 1194 1870 perfusa
1222 1832 1362 1863 lacrimis

1005 1879 1107 1910 Audit
1122 1884 1272 1919 quaestus
1287 1881 1466 1921 opprobrii.

853 1963 914 1996 fib.
948 1964 1077 1996 Partem
1105 1975 1181 1998 suae
1207 1966 1349 1999 familiae

951 2013 1184 2053 Reservabant,
1213 2016 1340 2056 inopiae

998 2062 1107 2094 Servis
1134 2064 1200 2095 suis
1228 2065 1424 2100 domesticis

853 2148 914 2182 712.
948 2149 1019 2181 Non
1046 2150 1194 2182 ultricem
1222 2161 1349 2183 manum
1372 2162 1460 2185 suam

947 2198 1135 2238 porrigebat
1164 2200 1197 2230 in
1225 2204 1382 2239 naturam,

994 2248 1029 2279 ln
1057 2253 1188 2286 peccato
1215 2249 1389 2284 saeviebat.

848 2332 909 2366 8b.
944 2333 1114 2373 Concipies
1141 2338 1171 2365 et
1198 2335 1306 2374 paries

944 2382 1012 2414 Nec
1038 2382 1173 2414 similem
1202 2385 1345 2424 reperies

992 2430 1045 2463 Sic
1072 2430 1236 2464 decretum
1264 2433 1408 2467 consilio.
