1655 2713
682 196 729 202 —
781 177 848 213 11'5
898 197 944 202 —

169 271 230 305 2a.
264 271 379 311 Quem,
419 273 494 305 dum
521 278 610 306 aetas
635 274 784 307 iuvenilis

266 318 398 362 Floret,
425 325 519 353 ornat
546 331 635 355 mens
661 323 783 363 senilis,

316 368 435 402 Sancta
461 374 598 410 pascunt
624 371 742 404 studia.

165 463 225 496 3a.
260 463 350 495 Vitas
377 468 504 503 patrum
531 465 687 508 imitatur,

261 509 399 543 Sanctus
427 513 548 545 sanctis
574 514 734 546 similatur

311 559 503 592 Meritorum
531 562 677 603 cumulo,

165 656 225 688 4a.
257 655 283 688 Ο
309 656 473 688 laudanda
499 657 559 689 Dei
587 658 680 700 dona,

263 703 379 744 Fulget
407 705 508 737 virtus
532 706 564 737 in
591 715 708 738 corona

311 751 499 784 Sanctitatis
522 752 645 795 infula3

165 849 225 879 5a.
259 847 334 879 Vita
360 847 478 880 functis
505 853 536 880 et
562 849 704 890 gibbosis

263 896 381 928 Forma
407 896 493 928 redit
518 900 550 928 et
575 897 712 938 leprosis

308 944 399 977 Cutis
425 945 544 977 munda
571 947 735 987 corporis;

161 1040 221 1071 6a.
255 1040 371 1071 Pastor
398 1039 490 1081 bone,
518 1045 629 1080 pastor
653 1042 758 1082 digne,

257 1088 373 1120 Pastor
398 1088 538 1120 clemens
564 1093 594 1120 et
623 1090 759 1130 benigne

305 1135 371 1167 Nos
398 1142 489 1168 tuere
514 1137 671 1170 subditos.

870 276 930 310 2b.
962 277 1057 309 Hunc
1082 277 1226 309 adultum
1249 285 1323 317 spes
1341 281 1478 316 matura,

967 325 1066 358 Verus
1093 335 1191 365 amor,
1219 325 1300 357 fides
1325 335 1417 365 pura,

1012 374 1139 406 Morum
1166 374 1260 406 vestit
1287 374 1399 415 gratia.

869 468 931 502 3b.
964 469 1044 509 Quia
1070 470 1138 502 Deo
1166 469 1349 510 famulatur,

963 517 1058 549 Illum
1085 518 1171 550 Deus
1199 522 1369 551 veneratur

1010 566 1158 598 Intuente
1184 567 1313 607 populo.

865 660 926 693 4b.
958 661 1060 693 Tutor
1089 662 1192 694 factus
1220 663 1379 696 libertatis

959 709 1061 741 Tutus
1088 711 1205 742 dormit
1231 720 1300 742 cum
1329 712 1443 751 beatiS‚

1008 757 1182 790 Testantur
1213 760 1376 793 miracula.

863 851 927 884 5b.
961 852 1073 885 Caecis
1100 854 1205 893 visus,
1234 855 1341 896 lingua
1368 858 1474 899 mutis,

959 900 1090 933 Claudis
1116 912 1255 944 gressus,
1284 904 1332 935 vis
1359 906 1472 937 salutis

1007 950 1138 981 Cunctis
1164 951 1256 982 adest
1284 951 1406 984 inferis.

861 1043 923 1078 6b.
959 1045 984 1077 Ο
1011 1046 1213 1085 Eadmunde,
1241 1057 1297 1079 nos
1325 1050 1473 1087 emunda,

957 1093 1025 1125 Tua
1053 1099 1163 1125 sancta
1191 1099 1219 1126 et
1248 1095 1386 1128 fecunda

1005 1142 1104 1173 Prece
1132 1143 1193 1174 ‹luc
1220 1145 1261 1176 ad
1289 1154 1433 1185 superos.

211 1230 304 1266 Antip
306 1230 333 1257 h
360 1235 389 1258 et
409 1231 499 1259 Grad.
527 1241 581 1259 ms.
603 1233 800 1269 vigorniense
823 1244 899 1263 saec.
926 1235 969 1263 13
993 1237 1066 1266 Cod.
1089 1238 1151 1273 Cup
1156 1240 1186 1265 it
1211 1240 1384 1275 Vigirnien.
1409 1240 1472 1268 ltjt).

133 1268 198 1295 add.
228 1277 303 1296 saec.
332 1268 375 1296 13.
405 1279 451 1297 ex
473 1285 509 1288 —
532 1271 587 1298 Mit
614 1273 752 1300 Melodie.
775 1290 810 1294 —
833 1272 888 1307 2a,
918 1273 936 1301 ‘2
957 1275 1057 1303 Flomt
1086 1286 1137 1304 ιντιι
1159 1281 1187 1304 et
1209 1287 1290 1305 mens
1324 1293 1355 1299 —
1381 1279 1397 1306 4
1407 1290 1431 1309 ;,ι
1459 1280 1469 1307 1

135 1307 207 1334 Deo.
231 1323 265 1327 ——
288 1308 439 1336 Abschrift
460 1318 517 1336 von
541 1311 611 1338 Rev.
636 1312 673 1338 H.
695 1312 734 1338 M.
758 1313 925 1341 Bwnnistm

527 1470 591 1501 120.
634 1472 676 1502 De
697 1474 806 1504 sancto
828 1473 989 1506 Edmumlo
1012 1476 1066 1516 Ep.

161 1568 218 1601 la.
254 1568 351 1600 Plebs
377 1568 484 1601 fidelis
510 1571 712 1612 iucundetur,

256 1616 301 1648 Et
326 1617 366 1649 ab
394 1626 432 1650 ea
457 1623 629 1652 veneretur

305 1665 469 1698 Praesulis
496 1668 649 1700 memoria

155 1762 217 1794 2a.
251 1760 364 1794 Infans
391 1767 484 1796 natus
509 1765 572 1797 iam
599 1765 741 1808 docetur,

250 1809 364 1852 Docet,
392 1811 514 1844 blatrat
541 1817 573 1845 et
599 1814 748 1846 medetur

299 1859 445 1900 Quosque
471 1861 641 1902 sapientia.

151 1955 210 1987 3a.
243 1955 317 1988 Vita
347 1957 500 1990 muudum
527 1958 569 1990 ad
596 1968 766 1999 processus

246 2003 288 2036 Se
317 2005 464 2037 salubres
492 2006 572 2039 dans
599 2006 766 2047 professus

293 2053 362 2086 Iam
388 2052 425 2086 fit
449 2054 482 2086 in
511 2054 676 2088 Cistercio.

149 2149 209 2181 4a.
242 2148 292 2181 De
318 2151 457 2183 terrenis
482 2152 528 2184 nil
556 2154 712 2196 exposcit,

245 2197 321 2239 Sed,
349 2208 431 2240 quae
456 2209 581 2233 sursum
601 2206 686 2244 sunt,
715 2203 763 2235 di-

529 2251 635 2282 noscit

292 2295 380 2337 Lege
406 2295 490 2329 fidus
515 2297 657 2333 Domini.

147 2392 207 2426 sa.
240 2391 394 2426 Normam
420 2399 529 2428 servat
555 2399 585 2428 et
613 2396 739 2428 servari

244 2440 339 2474 lubet
363 2442 497 2476 claustri
525 2448 598 2477 voto
624 2445 707 2486 pari,

293 2489 425 2523 Nullum
453 2492 554 2525 demit
578 2493 694 2534 gratia.

860 1574 922 1609 lb.
955 1576 1152 1616 Eadmundi,
1181 1579 1268 1610 cuius
1295 1580 1357 1611 vita

955 1624 1079 1656 Mundo
1106 1624 1165 1657 fuit
1192 1627 1348 1666 inaudita,

1001 1673 1077 1705 Odit
1103 1675 1301 1707 transitoria.

857 1768 919 1801 2b.
954 1768 1046 1801 Calet
1072 1771 1156 1812 igne,
1186 1772 1282 1812 digne
1309 1778 1414 1805 castus

955 1817 1068 1850 Cassat
1092 1824 1210 1861 aestus,
1231 1821 1337 1854 domat
1358 1821 1469 1864 fastus,

1000 1866 1112 1899 Floret
1139 1868 1331 1903 innocentia.

852 1961 915 1994 3b.
951 1962 1055 2004 Sopor
1081 1975 1154 1997 raro
1181 1966 1264 1999 iuest
1291 1969 1330 2009 ei,

950 2011 1077 2045 Pernox
1106 2019 1168 2047 stat
1196 2015 1227 2047 in
1256 2017 1307 2048 via
1334 2017 1393 2048 Dei

1001 2061 1130 2094 Celebri
1158 2066 1358 2097 commercio.

849 2156 915 2189 4b.
949 2157 1064 2190 Cultor
1089 2159 1160 2200 ipse
1186 2164 1388 2202 paupertatis

949 2206 1023 2239 vita
1049 2212 1113 2250 est,
1143 2218 1237 2249 quam
1266 2220 1364 2250 porro
1390 2214 1469 2244 satis

994 2255 1058 2287 Suo
1085 2257 1185 2289 sensit
1213 2258 1344 2292 homini.

851 2397 917 2431 5b.
950 2400 1013 2432 Hic
1035 2401 1199 2442 plerisque
1224 2402 1396 2437 infirmatis

951 2447 1140 2492 Sanitatem,
1169 2450 1332 2485 tribulatis

1000 2498 1099 2530 Laeta
1127 2497 1191 2531 fert
1216 2500 1347 2535 solacia.

1249 2555 1291 2585 81
