1655 2713
741 150 908 186 -304
960 169 1004 174 —

239 250 299 282 9a.
331 249 434 281 Annis
460 250 554 281 Anna
580 249 665 289 parit
691 252 817 289 gnatam
927 247 994 281 9b.
1027 247 1070 279 Et
1095 247 1230 279 miratur
1257 250 1344 278 totus
1369 247 1507 280 mundus

334 297 438 337 Super
462 306 568 329 omnes
595 297 797 339 singularem,
1025 295 1142 327 Matris
1163 295 1279 327 Annae
1304 303 1344 326 ex
1369 295 1511 327 Ioachim

383 346 473 384 Quod
487 346 620 377 miratur
634 345 685 376 lex
696 350 838 387 naturae,
1071 343 1175 384 Super
1207 346 1334 383 partum
1360 343 1537 383 geniturae.

218 427 260 460 10
271 437 301 460 a.
331 427 417 466 Quae
443 427 600 467 quondam
628 427 759 467 sterilis,
906 426 991 459 10b.
1025 425 1175 457 Visitavit
1200 428 1319 456 terram
1347 428 1490 457 sanctam

334 475 393 507 Est
420 475 513 506 modo
540 474 655 506 fertilis
1024 475 1067 506 Et
1093 473 1238 514 replente
1264 472 1352 505 foetu
1376 477 1475 505 totam

381 523 470 555 Dans
495 522 631 554 fructum
658 523 821 562 optimum.
1072 522 1174 553 Terra
1186 520 1423 553 deditfructum
1434 531 1538 556 suum.

218 604 257 637 11
275 613 303 635 a.
335 605 429 635 Anna
454 605 537 644 parit
565 609 629 635 tres
656 603 748 642 filias,
905 604 946 636 11
959 603 991 637 b.
1024 604 1124 643 Unus,
1152 603 1219 634 bini
1246 606 1278 634 et
1303 603 1451 643 quaterni

336 650 399 684 Illa
423 656 513 683 vocat
541 652 596 683 has
623 652 754 692 Marias,
1023 652 1146 684 Mundo
1170 651 1237 683 nati
1261 655 1293 682 et
1316 651 1420 683 renati

335 699 433 732 Offert
461 698 581 730 fructus
608 700 766 739 primitias
1023 701 1087 731 Per
1121 700 1263 739 ipsarum
1288 703 1534 740 sanctarumque

385 749 421 779 In
449 748 589 778 divinum
617 748 814 787 obsequium.
1071 748 1248 780 Mariarum
1275 747 1456 780 conubium.

216 824 257 855 12
271 832 302 856 a.
333 824 440 855 Prima
466 824 638 857 Christum.
666 824 768 855 altera
905 826 946 857 12
960 824 991 856 b.
1023 824 1133 856 Tertia
1159 825 1247 864 parit
1275 828 1377 856 mater

334 871 841 910 lacobummaiorem,Bai-sabam
1023 873 1173 903 Ioannem
1202 873 1361 904 volucrem

383 920 580 950 Iustumcum
590 920 850 959 Simoneludam,
1072 920 1283 960 Iacobumque
1310 921 1472 954 maiorem.

214 995 256 1026 13
269 1003 296 1026 a.
335 995 360 1026 O
387 994 491 1025 nobile
519 995 685 1033 collegium
903 998 945 1028 13
958 996 988 1028 b.
1020 996 1078 1027 Est
1104 997 1210 1028 Maria
1236 997 1330 1028 stella
1351 998 1450 1028 maris

334 1042 394 1073 Est
420 1047 600 1073 sanctarum
626 1044 817 1074 consortium
1022 1044 1144 1075 Sedans
1176 1043 1290 1076 fluctus
1317 1045 1531 1086 tempestatis,

334 1089 376 1120 Et
411 1099 552 1121 sororum
585 1099 708 1121 sacrum
734 1092 839 1132 trium,
1022 1093 1136 1131 Iungat
1162 1101 1259 1132 regno
1285 1093 1440 1124 claritatis

381 1138 518 1175 Quarum
537 1147 650 1169 nomen
664 1145 710 1169 est
724 1138 841 1170 Maria.
1071 1140 1147 1170 Post
1171 1144 1261 1171 tanta
1286 1141 1434 1180 suspiria.

217 1213 299 1246 1421.
332 1213 507 1254 Elisabeth,
536 1213 625 1254 Sara,
652 1215 783 1251 Rachel,
907 1216 949 1248 14
960 1216 990 1248 b.
1024 1215 1094 1247 Non
1121 1216 1248 1248 ablatus
1275 1221 1342 1249 erat
1369 1223 1491 1259 partus,

335 1262 428 1291 Anna
454 1265 580 1302 matres,
610 1271 689 1300 quae
715 1263 840 1293 steriles
1024 1263 1087 1295 Sed
1115 1265 1244 1306 dilatus,
1272 1265 1366 1297 modo
1393 1265 1497 1308 datus,

382 1308 576 1347 Pepererunt
605 1309 778 1344 mirabiles,
1069 1312 1259 1343 Prodierunt
1287 1313 1422 1346 nobiles.

214 1384 255 1415 15
269 1392 296 1414 a.
329 1383 433 1414 Radix
459 1385 562 1422 Anna,
590 1386 680 1424 virga
705 1386 805 1427 virgo,
900 1388 942 1420 15
955 1386 985 1420 b.
1018 1387 1124 1419 Radix
1151 1389 1237 1420 Iesse
1264 1390 1369 1429 coepit
1395 1399 1475 1429 esse,

332 1431 855 1471 FlosestChristusinbocmundo,
1021 1434 1147 1466 Gaudet
1174 1437 1310 1469 mundus
1337 1439 1498 1477 recepisse

377 1482 474 1517 Quem
486 1480 835 1519 novimusprofluxisse,
1065 1484 1176 1515 Talem
1203 1484 1313 1516 florem
1341 1486 1380 1517 de
1407 1487 1528 1521 radice.

213 1555 255 1586 16
267 1564 294 1588 a.
327 1555 351 1586 O
378 1564 502 1586 sorores
529 1565 583 1586 vos
610 1565 789 1596 germanae,
898 1559 940 1591 16
954 1558 985 1590 b.
1018 1559 1081 1591 Ubi
1108 1570 1192 1592 mors
1221 1566 1267 1592 est
1292 1563 1359 1593 sine
1386 1563 1462 1601 vita,

331 1602 495 1634 Custodite
522 1612 603 1637 sero,
631 1613 732 1646 mane,
1016 1607 1123 1639 Poena
1150 1610 1256 1648 gravis
1285 1609 1420 1651 infinita,

329 1649 377 1680 Ne
404 1650 526 1681 facinus
552 1656 616 1682 tam
642 1653 776 1683 immane
1015 1654 1160 1687 Afflictio
1186 1656 1321 1699 infinita,

377 1698 537 1729 Patiamur
563 1700 595 1730 in
622 1698 739 1739 futuro,
1063 1703 1160 1735 Nulla
1177 1706 1266 1744 quies
1292 1715 1308 1737 a
1336 1710 1504 1740 tormento,

213 1773 254 1805 17
266 1783 294 1804 a.
326 1774 420 1805 Alma
446 1783 578 1813 parens,
606 1780 706 1806 mater
731 1777 836 1817 Anna,
898 1778 940 1810 17
955 1778 985 1810 b.
1016 1779 1082 1810 Nos
1100 1781 1132 1812 in
1150 1782 1268 1813 mundo
1288 1787 1351 1814 tam
1370 1783 1526 1825 naufrago

326 1821 433 1852 Mater
458 1823 509 1861 pia
537 1827 567 1853 et
595 1822 741 1862 benigna,
1017 1827 1091 1858 Sine
1116 1832 1171 1860 tuo
1196 1831 1359 1869 praesidio

377 1870 453 1900 luva
481 1870 543 1900 tuis
569 1870 728 1910 precibus,
1063 1876 1232 1915 Agitamur
1256 1877 1289 1908 in
1315 1876 1474 1913 fluctibus.

208 1944 250 1977 18
262 1953 292 1976 a.
323 1945 428 1986 Anna,
448 1955 563 1986 parens
577 1947 689 1978 matris
704 1947 834 1989 Christi,
897 1949 938 1981 18
954 1949 983 1981 b.
1014 1951 1057 1982 Et
1082 1953 1208 1984 miseris
1233 1953 1328 1986 donet
1355 1963 1459 1996 opem,

327 1993 411 2024 Ante
440 1993 538 2024 Deum
563 1994 636 2026 iube
662 1995 731 2026 sisti
1015 1998 1248 2039 sempiternam
1276 2002 1328 2033 det
1355 2004 1496 2042 requiem

376 2042 450 2072 Post
476 2042 586 2072 mundi
613 2042 790 2085 naufragia,
1063 2048 1124 2079 Per
1150 2052 1204 2080 tua
1229 2049 1392 2090 suffragia.

207 2116 249 2149 19
260 2125 289 2147 a.
322 2117 430 2148 Mater
455 2118 566 2149 matris
594 2118 724 2157 Christi,
898 2123 940 2155 19
954 2121 984 2153 b.
1018 2122 1082 2155 Ubi
1108 2125 1176 2156 sine
1202 2131 1296 2158 nocte
1323 2127 1390 2159 dies

326 2165 375 2196 Ex
402 2165 461 2196 hoc
487 2166 604 2197 mundo
631 2167 716 2198 tristi
1015 2171 1059 2203 Et
1085 2180 1123 2204 ex
1149 2177 1216 2206 toto
1244 2175 1405 2217 meridies,

326 2212 401 2244 Post
429 2213 509 2245 hane
537 2215 633 2246 vitam
659 2215 739 2246 caeli
1064 2219 1128 2252 Ubi
1154 2222 1244 2262 quies
1272 2227 1304 2254 et
1330 2223 1442 2264 gloria.

372 2260 479 2293 Ducas
505 2262 546 2293 ad
573 2263 666 2301 atria,

282 2336 442 2363 Collectan.
468 2346 520 2364 ms.
551 2339 735 2366 Victorinum
761 2348 836 2367 saec.
865 2339 924 2376 [13.
956 2341 1013 2379 15.]
1044 2342 1086 2371 16.
1115 2344 1185 2374 Cod.
1207 2347 1334 2374 Parisin.
1366 2347 1470 2376 14872.
1493 2366 1531 2371 —

202 2374 259 2401 Mit
281 2374 332 2402 der
353 2375 489 2411 Angabe:
513 2377 641 2411 „Auctor
660 2378 695 2405 N.
717 2379 872 2406 Hamelius
895 2380 1096 2410 Victorinus“.
1112 2399 1147 2402 —
1164 2383 1214 2417 lb,
1238 2385 1251 2412 1
1268 2386 1371 2422 Neque
1392 2390 1475 2416 satiS.
1491 2404 1529 2408 —

204 2411 238 2457 18
247 2421 285 2479 ax}
311 2411 460 2480 l3ggrens
487 2419 577 2443 mater
597 2416 717 2444 Christi.
738 2432 775 2437 —
796 2416 921 2454 Strophe
947 2418 1008 2447 15a
1029 2422 1068 2448 ist
1088 2422 1308 2458 gleichlautend
1329 2427 1384 2454 mit
1404 2427 1461 2455 Str.
1483 2426 1500 2455 6
1514 2437 1532 2456 a

206 2460 237 2478 m
258 2466 271 2478 1
287 2460 308 2478 r.
332 2469 356 2476 --
391 2472 396 2478 .
