1655 2713
710 143 968 177 -150—

520 263 579 293 16⁰.
620 264 652 294 In
677 263 896 295 Translatione
918 273 943 295 s.
966 263 1156 302 Hieronymi.

203 351 220 383 1
236 360 264 383 a.
296 351 418 387 Gaude.
446 358 547 383 mater
573 352 719 393 ecclesia,

298 399 452 430 Recolens
480 410 548 430 cum
575 400 690 439 gaudio

344 448 502 487 Ieronymi
528 448 700 489 magnalia3

203 523 262 554 2a.
295 522 432 561 Cyrillus
459 523 637 563 episcopus,

296 570 434 601 Caelesti
460 570 537 601 flatu
567 571 693 613 ductus,

343 617 449 648 Solum
476 619 581 657 coepit
607 618 736 659 fodere,

202 694 261 726 3a.
292 693 340 724 De
366 694 514 733 sepulcro
541 695 675 735 levatur,

296 742 331 771 ln
355 742 449 772 altari
476 743 599 774 locatur

343 789 473 828 Populis
501 791 721 831 cernentibus;

199 865 258 897 421.
294 865 407 895 Patent
434 865 589 898 beneficia

297 912 381 943 Mira
407 913 468 944 Dei
495 915 597 953 gratia

345 960 530 992 Bethlehem
557 962 689 1001 civitati,

202 1037 261 1067 521.
295 1035 378 1066 Hinc
405 1041 469 1067 tres
497 1037 703 1077 daemoniaci,

298 1083 417 1114 Yinclis
445 1084 524 1115 dura
547 1085 646 1125 ligati,

345 1132 464 1162 Assunt
491 1132 522 1162 in
549 1133 702 1173 ecclesia,

201 1206 260 1237 Ga.
300 1206 383 1237 Puer
409 1208 519 1238 matris
545 1209 654 1239 unicus

296 1253 384 1284 Tunc
411 1263 468 1292 per
486 1255 611 1286 turbam
629 1265 801 1296 oppressus

336 1301 442 1332 Matre
467 1311 574 1333 amare
597 1302 693 1335 flente

205 1376 263 1408 73.
295 1376 378 1407 Hinc
403 1387 483 1416 puer
509 1379 675 1411 triduanus

295 1424 475 1464 Terraeque
501 1428 740 1460 commendatus

344 1473 405 1504 Per
431 1478 553 1512 patrem
579 1481 780 1515 apportatur,

201 1547 259 1578 Sa.
294 1548 330 1578 In
356 1557 412 1580 ara
439 1550 607 1589 exaltatus,

298 1595 361 1626 Per
386 1600 510 1628 noctem
537 1598 662 1630 demum
689 1600 782 1632 datus

343 1643 485 1675 Tumbae
511 1655 586 1676 suae
611 1647 776 1689 pristinae,

198 1719 257 1751 ea.
291 1718 385 1759 Hinc,
408 1719 580 1760 Jeronyme
606 1723 668 1762 pie,

297 1766 378 1797 Vota
404 1771 512 1799 nostra
539 1771 662 1809 respice

340 1815 383 1846 Et
407 1824 464 1846 nos
490 1816 559 1848 Deo
585 1820 779 1860 commenda,

174 1889 257 1920 loa.
292 1891 372 1930 Ave,
400 1895 493 1930 pater
518 1893 668 1932 gloriose,

344 1937 432 1969 Casti
457 1939 537 1971 odor
562 1941 631 1979 lilii,

267 1985 349 2022 Ave,
376 1986 511 2018 mirthus
537 1989 685 2028 odorosa,

339 2033 457 2065 Summi
483 2044 556 2075 spes
582 2037 705 2071 solacii.

895 355 910 385 1
926 353 955 386 b.
988 353 1070 385 Nam
1097 355 1272 396 translatus
1298 356 1405 398 hodie,

991 402 1105 434 Fultus
1133 402 1215 434 dono
1241 404 1363 444 gratiae

1033 450 1109 490 Egit
1134 451 1305 484 mirabilia.

888 525 948 557 ab.
981 525 1071 557 Tunc
1097 535 1212 566 corpus
1240 528 1447 560 sacratissimi

986 573 1096 605 Visum
1122 579 1170 605 est
1198 576 1358 615 IeronJmi

1031 621 1162 654 Terram
1180 633 1337 663 nusquam
1350 628 1495 664 tangere.

889 698 950 730 3b.
982 698 1085 730 Adest
1112 699 1193 731 odor
1219 701 1335 739 suaviS,

985 746 1044 778 Cui
1070 757 1230 787 nunquam
1256 749 1401 788 aequalis

1032 796 1137 827 Patuit
1164 796 1355 828 hominibus.

889 869 951 901 4b.
985 870 1068 902 Nam
1095 872 1235 903 sedecim
1260 873 1380 912 privati

986 919 1156 950 Oculorum
1183 920 1302 951 lumine

1034 966 1227 999 Redduntur
1253 969 1394 1002 sanitati.

891 1042 952 1074 5b.
986 1042 1063 1074 Mox
1090 1043 1218 1082 quidem
1244 1045 1423 1077 liberantur

984 1092 1012 1121 A
1041 1091 1229 1123 daemonum
1256 1093 1389 1124 nexibus

1030 1138 1078 1170 Ob
1104 1140 1206 1170 sancti
1231 1141 1413 1180 praeconia.

886 1212 947 1244 6b.
980 1212 1089 1245 Sancti
1113 1215 1253 1247 tumbam
1279 1217 1398 1257 attigit,

982 1261 1074 1292 Vitae
1100 1271 1212 1294 venam
1239 1264 1353 1305 recipit

1029 1309 1127 1341 Plebe
1154 1312 1382 1350 conspiciente.

888 1383 948 1417 7b.
980 1386 1039 1423 Qui
1064 1395 1161 1425 prece
1186 1387 1366 1431 Jeronymi,

982 1432 1131 1465 Doctoris
1158 1436 1362 1476 sanctissimi,

1031 1481 1123 1513 Illico
1149 1484 1333 1517 suscitatur.

888 1555 950 1588 8b.
982 1556 1112 1598 Terrae,
1138 1561 1233 1591 matri
1259 1562 1411 1598 omnium,

984 1604 1216 1638 Commendans
1256 1610 1489 1653 corpusculum,

1033 1653 1085 1684 Sic
1111 1656 1300 1694 promissum
1328 1658 1458 1691 caelice.

886 1727 948 1760 91).
981 1729 1022 1760 Et
1050 1735 1220 1769 peccantes
1246 1733 1347 1774 eripe,

981 1776 1076 1809 Salva
1102 1788 1178 1810 vasa
1204 1782 1337 1819 gratiae,

1028 1825 1166 1866 Protege
1191 1832 1223 1858 et
1247 1830 1392 1863 emenda.

865 1900 907 1931 10
918 1898 950 1931 b.
983 1900 1017 1931 In
1049 1903 1236 1940 praecinctu
1262 1906 1333 1937 viae
1358 1911 1490 1948 stamus,

1029 1949 1145 1989 Lapsis
1170 1961 1297 1984 manum
1324 1956 1464 1998 porrige,

983 1996 1050 2028 Tua
1076 2007 1181 2041 prece,
1210 2009 1249 2032 ne
1274 2002 1437 2043 cadamus,

1029 2044 1167 2078 Gressus
1193 2052 1319 2081 nostros
1346 2051 1460 2093 dirige.

245 2107 368 2137 Missale
390 2109 613 2146 Numburgense
634 2114 703 2148 imp.
724 2115 859 2144 Basileae
883 2116 964 2146 1517.

581 2244 635 2274 161.
678 2244 719 2276 De
740 2249 849 2279 sancto
871 2248 1073 2283 Hildevartlo.

191 2328 207 2360 1
223 2337 252 2361 a.
284 2329 470 2363 Hodiernae
496 2332 550 2364 lux
578 2334 642 2366 diei

287 2377 498 2422 Hildewardi,
525 2381 586 2413 viri
612 2382 684 2424 Dei,

335 2426 474 2460 Reducit
499 2429 675 2465 sollemnia.

883 2339 945 2373 1b.
975 2342 1047 2374 Hac
1071 2342 1105 2374 in
1133 2344 1184 2376 die
1209 2351 1338 2380 sanctus
1363 2350 1424 2382 Dei

976 2389 1069 2422 Basis
1095 2393 1254 2427 exsistens
1280 2395 1356 2429 fidei

1024 2439 1123 2472 Petiit
1148 2442 1310 2476 caelestia.
