1655 2713
613 344 678 375 227.
720 344 762 375 De
783 352 806 375 s.
829 343 928 375 Maria
950 343 1144 382 magdalena.

608 445 638 476 1.
665 444 825 484 Exsurgat
854 447 940 476 totus
967 444 1167 484 almiphonus

664 492 946 531 supercaelestium
975 492 1089 524 chorus

664 539 932 579 citharoedorum,

662 586 831 619 omnifarie
858 587 926 620 Deo

661 635 842 675 eulogizans
870 644 941 668 cum
967 635 1118 669 Alleluia.

241 751 302 781 2a.
337 749 438 781 Suave
464 754 493 782 et

338 797 537 829 laudisonum
563 807 624 829 una
651 798 722 837 plus

339 845 433 877 solito
459 845 645 885 subelangat
672 846 704 877 in

338 892 438 923 iubilo
464 901 614 932 organum

337 943 516 971 nostrarum
543 941 791 979 inx'encularum,

337 987 452 1019 chorea
477 988 792 1027 tympanistriarum3

243 1103 301 1135 3a.
333 1102 418 1139 Quae
445 1106 576 1140 septeno

338 1148 456 1180 dudum
484 1149 636 1180 daemone
662 1150 766 1190 plena,

336 1197 465 1227 vesania

336 1244 543 1275 cursitaverat

335 1291 553 1330 pestilentiosa

238 1406 298 1437 4a.
332 1405 374 1437 Et
400 1405 452 1436 ubi
477 1410 643 1437 occursant

335 1452 509 1494 daemonia,

331 1501 546 1541 onocentauri,

335 1547 488 1579 dracones
514 1549 739 1588 praevolucres

334 1595 532 1636 struthioque

330 1643 422 1674 simul
449 1644 642 1683 collusitant,

232 1759 292 1789 53..
326 1757 425 1789 Pilosi
451 1762 481 1790 et
508 1758 662 1797 salmam,

324 1804 419 1835 lamia
446 1806 566 1837 catulos
594 1807 702 1846 lactat,

326 1851 449 1884 foveam
476 1857 584 1884 torvus

325 1900 419 1931 struit
446 1901 572 1937 ericius,

324 1947 391 1979 ibix
419 1953 449 1978 et
477 1957 588 1980 corvus

325 2004 394 2026 cum
422 1997 604 2028 onocrotalo

322 2043 522 2076 horrisonum
549 2054 611 2076 una

323 2090 544 2124 discriminant
554 2102 560 2133 ;

223 2207 283 2240 6a.
315 2205 451 2237 Demum
478 2210 564 2239 tacta
592 2208 743 2241 divinitus

318 2255 470 2286 memoria

317 2301 402 2341 Sion,
431 2303 549 2335 dilecta
575 2304 685 2336 matris

315 2354 362 2382 tot
388 2349 487 2383 furias
515 2350 720 2393 (abjhorrens

320 2398 439 2432 deserit
466 2400 666 2440 metropolim

319 2447 551 2480 Chaldaeorum
563 2461 570 2489 ;

929 750 991 783 2b.

929 1103 992 1136 3b.

926 1408 988 1441 4b.

919 1761 983 1795 5b.

913 2212 974 2246 6b.

1023 752 1165 786 Necnon.
1193 751 1260 783 unit

1025 809 1103 838 quos
1131 800 1310 831 catholicus
1337 806 1446 831 omnes

1024 856 1087 878 uno
1113 857 1174 879 una
1203 852 1376 887 pneumate

1024 895 1288 928 christianismus,
1315 903 1399 926 nunc

1022 943 1147 974 Mariae
1173 943 1387 983 Magdalenae

1022 991 1286 1029 congratulentur
1312 990 1498 1023 sollemniis.

1028 1105 1090 1135 Per
1114 1105 1275 1136 andronas

1024 1152 1164 1183 lubricas
1192 1152 1375 1192 Babylonis„

1024 1200 1112 1230 cuius
1139 1199 1255 1239 gaudet

1022 1247 1080 1279 Bel
1103 1248 1277 1288 gymnasiis

1021 1295 1276 1333 anathematicis,

1020 1410 1180 1441 Absonius
1207 1410 1312 1442 ululae

1020 1458 1169 1497 lugubres

1019 1510 1049 1536 et
1075 1506 1241 1545 elegizant‚

1018 1557 1048 1584 et
1075 1553 1206 1585 Sirenae
1234 1553 1376 1585 delubris

1018 1601 1192 1641 voluptatis

1021 1649 1310 1689 coantiphonizant.

1014 1763 1188 1796 Basiliscus
1214 1764 1334 1799 sibilat.

1012 1817 1152 1843 cerastes
1178 1817 1209 1844 et
1234 1813 1409 1852 imperitat,

1015 1858 1122 1891 Genus
1148 1861 1180 1892 id
1207 1861 1306 1892 multa

1013 1908 1133 1949 minax,
1159 1908 1364 1941 incarcerans

1011 1956 1204 1988 exterricula

1011 2011 1153 2043 quaeque
1180 2004 1341 2036 dirissima

1010 2051 1179 2087 morsibus,
1207 2058 1341 2092 experta

1011 2103 1057 2130 est
1085 2099 1201 2135 Maria.

1008 2214 1112 2246 Iesum
1137 2216 1255 2248 ardens
1282 2218 1480 2259 medullitus,

1008 2271 1101 2302 quem
1128 2262 1245 2296 festina

1006 2312 1166 2350 quaeritat
1192 2322 1265 2346 mox
1290 2314 1482 2356 ierarcham,

1005 2367 1064 2398 per
1089 2369 1181 2400 quem
1208 2361 1365 2395 liberetur

1008 2408 1135 2448 captiva
1161 2409 1421 2449 phantasmatum

1008 2465 1027 2487 a
1051 2456 1221 2498 phalange.
