1655 2713
662 153 908 189 —197-

521 253 552 283 5.
580 251 667 284 Caeli
695 260 833 293 sponsus
865 250 1059 292 adamatur,

595 299 700 330 Patris
728 299 843 331 domus
869 297 1038 339 refutatur,

641 346 820 387 vilipendit
847 346 982 386 praedia

688 395 789 427 Morti
817 393 1034 434 praescripta.

198 488 282 515 Miss.
312 497 365 514 ms.
395 487 573 516 Secoviense
602 498 677 516 saec.
708 487 751 516 12.
783 489 854 516 Cod.
876 489 1018 516 Graecen.
1048 486 1111 514 709.
1135 502 1170 506 —
1193 486 1254 517 Qb.
1288 487 1299 514 1
1329 489 1393 515 Hac
1430 489 1460 514 in

120 527 178 555 die.
199 541 237 546 —
258 525 286 558 5,
307 524 325 553 2
345 525 475 553 Patriae.
498 541 536 546 —
558 528 614 555 Die
636 527 769 564 Sequenz
795 528 834 554 ist
854 527 991 554 sichtlich
1015 526 1250 562 unvullst-luslig.

541 669 603 700 219.
645 669 687 699 De
709 669 822 699 sancta
844 667 1037 708 Mai-garcia.

151 761 208 792 la.
242 759 343 800 Surge
362 759 494 790 laudum
514 759 555 790 ad
572 763 758 798 concentus,
823 759 839 791 1
853 758 883 790 b.
918 759 981 791 Pro
1009 758 1171 798 triumpho
1198 759 1403 799 Margaretae

241 807 330 841 Ordo
356 816 448 839 sacer
474 811 505 838 et
532 811 717 848 conventus,
917 806 1063 838 Laudum
1103 806 1168 838 favi
1196 808 1318 839 stillent
1347 808 1386 839 de
1412 812 1459 847 te,

292 855 468 896 virginalis
496 855 636 896 gloriae;
966 855 1117 887 Carmina
1144 855 1299 888 laetitiae.

150 954 211 986 2a.
241 952 439 992 Margareta,
465 950 524 983 flos
552 951 689 989 decoris,
822 950 885 983 2b.
917 952 969 983 Ad
997 952 1179 991 exemplum
1205 952 1362 991 passionis

245 1000 406 1032 Imitatrix
433 1000 515 1031 caeli
542 998 640 1040 floris,
919 999 1105 1031 Gratiarum
1134 1000 1215 1040 rigat
1244 1000 1336 1031 donis

295 1048 462 1081 Castitatis
489 1047 637 1081 formula,
967 1047 1008 1079 Et
1036 1048 1213 1088 impinguat
1242 1049 1380 1081 saecula.

149 1149 209 1181 3³.
240 1147 340 1186 Quam
364 1145 515 1185 pudicam
534 1148 564 1176 et
583 1143 756 1176 formosam
819 1143 882 1177 3b.
912 1144 957 1177 Ut
989 1145 1205 1184 transplantet
1242 1144 1284 1176 ad
1311 1153 1453 1176 errorem

244 1194 288 1226 Et
313 1194 344 1225 in
372 1193 436 1225 fide
463 1192 659 1225 fructuosam
914 1192 993 1224 Eius
1021 1192 1116 1224 fidem
1145 1197 1174 1224 et
1203 1192 1370 1232 pudorem,

294 1242 425 1282 Impetit
453 1241 623 1281 Olybriu53
964 1241 1067 1273 Instat
1095 1241 1195 1272 hostis
1223 1241 1351 1281 impius.

149 1342 211 1373 4a.
241 1339 335 1371 Nunc
361 1347 548 1378 suspensam
568 1338 758 1378 ungularum
820 1337 882 1370 4b.
914 1337 1008 1368 Nunc
1034 1338 1066 1369 in
1093 1338 1195 1377 aquis,
1222 1347 1305 1368 nunc
1332 1338 1363 1369 iu
1387 1338 1451 1377 igni

245 1387 757 1427 Mactatplagis‚nuncvirgarum
916 1386 1012 1417 Artat
1041 1386 1134 1417 dolus
1162 1386 1243 1417 lianc
1271 1387 1412 1426 maligni,

295 1435 423 1468 Scindit
447 1434 675 1473 scissionibus3
966 1434 1058 1465 Nunc
1084 1434 1176 1465 addit
1205 1434 1397 1465 carceribus.

149 1535 210 1568 5a.
240 1532 290 1564 lbi
317 1530 384 1564 fato
411 1531 492 1562 dans
519 1531 691 1562 draconem
818 1529 880 1563 5b.
911 1529 1092 1569 Expletura
1119 1530 1203 1561 vitae
1231 1539 1358 1561 cursum

248 1581 579 1620 Vinctumqueterens
591 1579 777 1610 daemonem
914 1578 977 1611 Cor
1001 1582 1032 1609 et
1060 1587 1171 1609 manus
1198 1579 1283 1610 levat
1311 1587 1450 1618 sursum,

296 1628 409 1660 Psallit
436 1628 469 1659 in
497 1627 651 1668 victoria3
967 1626 1045 1658 Orat
1074 1635 1143 1657 cum
1171 1626 1309 1658 fiducia:

151 1723 212 1755 6a.
248 1721 304 1763 „0,
325 1720 377 1760 qui
397 1728 511 1760 praees
526 1719 607 1751 caeli
621 1718 755 1755 thronis,
820 1717 882 1751 fib.
915 1718 969 1750 Ad
996 1718 1130 1750 salutem
1158 1718 1275 1750 mundo
1303 1718 1376 1754 frui,

244 1769 307 1809 Da,
333 1769 387 1809 qui
412 1777 502 1800 meae
528 1767 686 1808 passionis
918 1767 993 1799 Post
1030 1775 1100 1798 cum
1128 1767 1247 1798 sanctis
1276 1767 1381 1799 vultus
1410 1768 1455 1798 tui

290 1817 418 1850 Recolit
444 1816 641 1855 memoriam,
968 1815 1130 1855 Perpetim
1157 1816 1412 1855 praesentiam.“

148 1911 207 1945 7a.
239 1911 330 1943 Votis
356 1909 467 1941 favens
494 1917 570 1940 suae
597 1907 688 1939 testis
823 1906 884 1939 7b.
916 1907 1003 1946 Quae
1019 1907 1165 1947 deposcit
1180 1907 1268 1946 haec,
1288 1907 1455 1946 condonat,

244 1959 348 1992 Adest
373 1959 444 1999 ipse
470 1966 527 1989 rex
554 1956 702 1988 caelestis
917 1955 1038 1996 Quibus
1067 1956 1151 1988 datis
1177 1956 1262 1987 lianc
1289 1960 1419 1988 coronat

292 2008 329 2040 In
356 2006 522 2038 columbae
548 2005 675 2046 specie;
968 2003 1061 2036 Ferri
1089 2008 1225 2036 stratam
1253 2005 1332 2036 acie.

148 2101 210 2136 Sa.
240 2101 313 2141 Eia,
340 2102 465 2139 martyr
487 2097 637 2139 gloriosa,
821 2095 882 2130 8b.
916 2096 953 2128 In
981 2096 1144 2136 praesenti
1171 2096 1217 2127 sic
1245 2104 1382 2135 procura

244 2148 375 2182 Domini
399 2151 464 2179 tam
491 2145 639 2187 speciosa
917 2145 963 2176 Te
989 2144 1171 2185 laudantes,
1197 2149 1229 2175 ut
1259 2143 1366 2175 futura

294 2196 490 2230 Praedotata
516 2194 632 2236 gratia,
967 2192 1039 2225 Non
1066 2193 1215 2224 amittant
1242 2192 1370 2232 gaudia.

199 2290 282 2317 Miss.
310 2298 363 2316 ms.
387 2286 566 2315 Coloniense
596 2282 636 2320 [5³]
662 2285 732 2311 anni
765 2282 847 2311 1319.
878 2284 948 2311 Cod.
978 2284 1075 2319 Capit.
1097 2284 1249 2310 Treviren.
1281 2280 1342 2309 154.
1365 2282 1398 2308 A.
1421 2297 1458 2300 —

122 2329 206 2356 Miss.
219 2337 272 2356 ms.
289 2328 319 2356 S.
332 2326 476 2355 Iohannis
494 2323 764 2359 Hierosolymitani
781 2331 858 2350 saec.
874 2321 917 2350 14.
940 2323 1009 2350 Cod.
1023 2321 1319 2357 Friburgen.(Helv.)
1330 2321 1390 2348 Inc.
1402 2319 1457 2348 :325

121 2365 206 2402 (146).
227 2367 292 2395 add.
315 2375 392 2395 saec.
415 2364 460 2392 15.
482 2364 514 2391 B.
532 2377 569 2382 —
586 2361 600 2390 1
614 2363 642 2396 b,
663 2360 682 2389 2
702 2361 763 2389 fani
784 2361 826 2395 B3
847 2362 963 2389 stillant
984 2362 1017 2388 A.
1034 2375 1069 2379 —
1085 2359 1140 2388 2b.
1166 2359 1179 2387 l
1202 2359 1241 2387 Et
1261 2361 1292 2387 Β,
1311 2374 1346 2378 -
1361 2358 1417 2389 41),
1445 2359 1454 2386 l

122 2407 190 2443 igne
210 2407 245 2434 A.
269 2421 304 2425 —
325 2404 390 2438 41),
418 2402 436 2432 3
463 2402 539 2431 adiit
559 2403 594 2430 A.
616 2415 652 2420 --
673 2399 732 2432 5³,
761 2397 779 2427 2
803 2403 906 2428 tenens
927 2401 960 2428 B.
984 2416 1019 2419 —-
1041 2398 1102 2429 6b.
1133 2398 1150 2425 3
1172 2400 1341 2435 praesentia
1364 2399 1396 2426 B.
1420 2414 1457 2418 —

122 2444 174 2478 7³,
198 2443 212 2473 1
233 2446 280 2474 sui
302 2447 334 2474 B.
354 2459 392 2464 —
419 2441 476 2475 82,
500 2441 514 2470 l
537 2443 632 2468 mater
652 2440 685 2467 Β.
707 2455 745 2458 -
766 2439 823 2467 Die
844 2439 999 2467 Kollation
1020 2447 1078 2465 von
1099 2439 1122 2466 B
1145 2437 1295 2465 verdanke
1318 2437 1365 2465 ich
1382 2439 1454 2466 Rev.

122 2485 162 2512 H.
183 2485 224 2513 M.
244 2485 412 2512 Bannister.
