1655 2713
649 175 814 211 —277
869 197 912 202 —

542 293 604 324 312.
645 295 688 327 De
709 299 818 330 sancto
839 299 1018 332 Valentino.

138 374 200 407 la.
233 375 419 419 Valentino,
447 382 501 421 qui
528 383 675 417 valenter
834 389 895 423 lb.
926 391 1018 424 Ritus
1046 393 1123 425 cleri
1151 394 1213 426 iam
1241 395 1376 428 devotus

228 424 404 466 Superavit
430 428 619 464 innocenter
927 439 1131 481 Populusque
1156 443 1276 484 psallat
1302 446 1388 476 totus

275 473 461 508 Mundiales
486 478 635 519 impetus,
974 489 1180 523 Concinendo
1207 491 1355 525 dulciter.

135 558 197 591 28.
229 558 313 592 Nam
339 571 400 602 per
424 573 526 597 annos
553 568 696 606 pueriles
830 571 892 605 2b.
926 573 1114 615 Peragravit
1139 577 1258 609 mundo
1285 578 1384 612 corde

228 607 349 640 Rerum
381 612 486 644 cultus
512 616 636 654 sprevit
663 617 741 649 viles
924 622 1126 655 Inventutem
1154 625 1223 657 sine
1249 627 1345 658 sorde

276 657 433 699 Vitaeque
459 664 640 695 constantia
971 670 1082 703 Palam
1128 673 1291 706 Christum
1342 685 1439 715 prae-

1146 721 1269 756 dicans,

132 791 196 824 3a.
227 792 392 826 Idolorum
421 795 618 830 confutando
830 803 892 837 3b.
923 805 1041 846 Aegris
1068 807 1142 838 tulit
1168 809 1339 841 sanitatem

223 841 448 883 Daemonium,
476 846 680 885 prohibendo
922 852 965 884 Et
991 855 1155 893 oppressis
1182 855 1365 889 libertatem

273 890 308 922 ln
336 892 512 932 sculpturis
538 895 677 929 latriam.
968 901 1045 933 Veri
1072 902 1132 933 Dei
1160 912 1302 939 munere.

131 974 193 1007 4a.
225 975 322 1007 Hunc
347 977 408 1008 sibi
436 978 523 1010 iubet
550 981 638 1012 ocius
823 984 887 1018 4b.
919 985 963 1018 Ut
988 992 1121 1026 negaret
1143 989 1224 1020 caeli
1251 990 1365 1030 Deum,

224 1023 340 1055 Coram
367 1026 504 1065 produci
528 1027 693 1071 Claudius,
918 1034 1019 1066 Idolis
1045 1037 1203 1076 suggessit
1230 1046 1300 1069 eum

270 1071 454 1112 Imperator
478 1074 652 1115 hominum,
962 1083 1135 1115 Immolare
1162 1085 1318 1119 victimas,

115 1156 177 1187 5a.
211 1156 280 1195 Quo
307 1163 478 1191 recusante
506 1161 665 1201 reprobus
817 1165 880 1198 5b.
912 1166 1006 1199 Fidei
1034 1172 1139 1201 tamen
1160 1173 1336 1204 constantis

216 1204 315 1237 Caedi
344 1208 510 1240 mandavit
535 1208 674 1242 fustibus
912 1215 1006 1247 Hunc
1032 1217 1121 1249 iubet
1138 1221 1307 1251 tormentis
1326 1222 1424 1254 tantis

263 1254 333 1286 Deo
359 1259 484 1295 gratum
512 1262 698 1298 martyrem,
959 1265 1035 1297 Post
1063 1268 1205 1299 truncari
1233 1270 1348 1309 capite.

116 1338 176 1370 6a.
209 1338 267 1371 Cui
294 1345 370 1373 vota
396 1343 630 1383 persolvamus,
811 1348 873 1382 6b.
906 1350 998 1383 Vitae
1033 1357 1162 1385 nostrae
1195 1355 1248 1395 qui
1282 1356 1422 1389 lamenta

206 1387 251 1421 Ut
278 1393 449 1429 patronum
477 1391 652 1425 habeamus
907 1398 1083 1432 Miseratus
1110 1406 1141 1433 et
1168 1408 1319 1444 portenta

257 1436 423 1470 Potentem
451 1441 649 1484 caelicolam,
953 1448 1104 1488 Quaeque
1138 1451 1241 1490 pellas
1273 1453 1418 1488 horrida.

112 1521 130 1554 7
148 1531 177 1555 a.
210 1522 260 1554 Ne
287 1525 424 1557 virtutes
448 1527 546 1559 Satan
575 1527 715 1572 frangat⁷
812 1531 875 1566 7b.
906 1533 977 1567 Hoc
1011 1540 1142 1576 petente
1176 1537 1268 1570 nobis
1296 1544 1418 1572 rectum

205 1571 361 1605 Morbida
400 1584 440 1606 ne
474 1576 575 1615 pestis
610 1581 724 1620 tangat
905 1582 972 1614 Iter
999 1584 1094 1616 detur
1119 1590 1148 1616 et
1175 1585 1356 1625 perfectum

254 1621 399 1662 Corpora
425 1623 476 1655 vel
503 1625 637 1666 animas,
954 1631 1106 1664 Trinitati
1133 1634 1308 1674 placidum.

158 1702 244 1732 Miss.
266 1715 320 1733 ms.
342 1707 589 1738 Wratislaviense
611 1719 679 1739 saec
703 1710 746 1740 14.
769 1713 940 1742 Cod.Civit.
956 1716 1181 1746 lVratislavien.
1197 1721 1238 1749 M.
1258 1720 1331 1750 1160
1347 1723 1414 1752 add.

77 1750 154 1770 saec.
180 1741 223 1771 15.
246 1760 284 1764 —
304 1743 356 1777 3a,
382 1745 394 1773 1
418 1747 578 1776 Idulorum.
605 1764 636 1769 —
659 1749 717 1784 4a,
743 1750 756 1779 1
782 1753 866 1781 Nunc
889 1755 958 1782 sibi.
981 1770 1015 1774 —
1038 1755 1096 1789 53,
1119 1756 1136 1785 3
1156 1763 1279 1793 gratem.
1301 1776 1338 1779 ——
1360 1761 1413 1795 5b,

76 1778 91 1807 1
113 1786 174 1809 tam
195 1786 370 1811 constantis.
387 1800 423 1805 —
439 1787 527 1814 Hunc
549 1789 580 1815 in
602 1792 766 1818 tormentis.
788 1807 825 1811 —
848 1791 899 1826 7a,
925 1792 937 1820 1
961 1794 1080 1831 frangit.
1096 1812 1133 1815 —
1148 1795 1198 1830 Ta,
1221 1797 1239 1825 2
1254 1801 1359 1836 tangit.
1376 1816 1414 1820 ψ

74 1817 127 1853 7b,
152 1819 165 1848 l
188 1825 317 1856 potente.

460 1929 523 1962 313.
566 1932 608 1963 De
629 1941 653 1964 s.
676 1933 807 1967 Valerio
828 1935 1021 1969 Trevirensi.

420 2022 451 2054 1.
483 2022 628 2056 Laudem
657 2025 767 2069 dicite,
797 2027 1014 2065 christicolae,

484 2080 554 2103 cum
581 2073 700 2115 gloria;

90 2152 152 2185 28.
186 2154 278 2188 Totis
305 2156 428 2189 viribus
456 2159 562 2191 canite
792 2163 855 2199 2b,
887 2164 967 2204 Quia
999 2167 1115 2198 meruit
1140 2169 1259 2208 gaudia

191 2204 300 2237 cordis
326 2205 420 2238 vibra
445 2215 485 2239 ac
887 2219 982 2253 pater
1009 2214 1059 2247 hic
1083 2219 1194 2248 noster

186 2252 322 2293 spiritus
349 2254 487 2294 laetitia,
887 2261 984 2294 hodie
1011 2259 1251 2308 [sempiternaJ.

83 2338 147 2373 3a.
178 2339 247 2372 Iam
273 2341 392 2373 transit
417 2341 570 2375 tenebras
790 2347 852 2380 3b.
886 2348 962 2380 Fuit
989 2349 1029 2380 de
1055 2349 1194 2382 Simonis

185 2388 418 2434 Phlegetontis‚
883 2396 1044 2439 clientela,

181 2436 277 2478 liquit
301 2443 419 2472 cuncta
878 2444 1035 2477 Eucharii

179 2486 293 2519 muudi
319 2486 459 2521 labentis
485 2488 634 2532 ludicra;
879 2493 1087 2535 Maternique
1113 2496 1298 2536 syncellita.
