1655 2713
671 187 719 191 —
769 168 838 205 255
889 189 936 194 —

162 262 223 294 sa.
252 260 279 294 Ο
305 267 451 294 sanctum
478 264 672 303 pontificem,
837 267 899 302 5b.
932 269 992 309 Qui
1018 269 1173 301 haeresim
1199 269 1343 302 Effratae

257 309 284 342 O
310 310 464 350 populum
492 310 628 354 felicem,
932 316 1098 350 Catholico
1125 318 1272 358 dogmate

307 358 379 390 Tali
405 359 535 400 dignum
563 366 703 405 pastore,
980 365 1215 398 Destruendam
1243 366 1371 407 docuit3

257 405 338 446 Regi
365 407 446 439 caeli
473 408 602 447 dilecto,
931 413 1037 453 lpsum
1065 423 1139 446 vero
1163 414 1348 446 damnatum

258 453 310 486 Ab
337 456 451 496 angelo
476 457 579 489 electo
931 461 982 493 Ob
1009 463 1128 494 erroris
1154 466 1276 494 reatum

307 502 380 534 Non
407 504 569 537 hominum
599 505 728 548 favore3
978 509 1227 550 Degradandum
1255 512 1388 543 censuit.

164 579 224 611 6a.
256 579 358 621 Lapis
383 581 497 613 altaris
524 581 657 623 fractus,
837 584 898 618 6b.
932 585 1010 617 Cum
1037 587 1138 618 Roma
1169 589 1353 626 revertitur,

261 628 361 660 Manu
387 634 515 662 sacrata
542 635 658 670 tactus,
932 634 1069 674 Capitur
1097 641 1126 666 et
1154 636 1295 667 trahitur

309 678 440 718 integer
466 677 623 722 efficitur3
982 683 1165 722 Imperante
1191 685 1313 723 Attila3

260 724 402 765 Populus
428 736 446 758 a
472 727 621 767 dracone,
658 732 662 739 “
931 729 986 761 Ad
1013 731 1110 762 solem
1139 734 1320 771 exponitur.

261 772 358 805 Cuius
385 775 553 806 vexatione
931 776 994 809 Sed
1021 787 1219 818 nequaquam
1247 781 1387 812 laeditur

309 821 408 860 Perit,
435 822 519 854 liber
542 824 702 856 redditur.
975 825 1194 858 obumbrante
1221 829 1339 868 aquila.

166 897 225 931 7a.
259 898 355 930 Petro
381 898 549 931 salutifero
839 899 901 933 7b.
933 901 1018 933 Nota
1043 902 1103 933 Dei
1130 904 1277 941 amicum,

263 945 337 978 Non
363 948 468 987 impar
495 948 655 988 clavigero
933 950 991 983 Cui
1020 950 1058 981 de
1086 952 1174 982 caelo
1201 953 1336 983 sericum

308 995 429 1026 Meruit
455 996 602 1037 accipere
979 999 1096 1038 Angeli
1123 1000 1321 1041 attulerunt3

262 1042 457 1074 Potestatem
485 1047 548 1075 tam
576 1046 712 1085 gratam,
930 1046 1029 1085 Quem
1057 1047 1163 1077 vivum
1192 1048 1387 1089 dilexerunt⁷

261 1088 327 1121 Per
353 1091 473 1122 clavem
500 1091 528 1122 ei
556 1091 675 1130 datam,
932 1094 1062 1125 Mortuo
1089 1095 1282 1133 servierunt,

303 1138 422 1178 Ligare
448 1148 485 1171 ac
509 1139 644 1173 solvere.
981 1143 1017 1174 In
1045 1143 1166 1174 eaelum
1193 1144 1401 1177 sustulerunt.

160 1215 218 1247 82.
251 1215 276 1247 O
304 1215 396 1246 beate
423 1216 560 1255 Servati,
833 1216 895 1250 8b.
928 1218 974 1249 Te
1000 1224 1191 1258 quaerentes
1218 1230 1256 1252 ex
1284 1222 1391 1258 corde,

255 1264 452 1296 Commenda
478 1264 590 1296 deitati
938 1267 1099 1307 Expiatos
1128 1279 1146 1300 a
1174 1270 1271 1300 sorde

304 1311 421 1344 Servos
448 1312 506 1344 tibi
534 1313 680 1353 dedit053
978 1316 1015 1347 ln
1042 1318 1193 1348 extremis
1221 1318 1317 1349 visita

257 1359 346 1392 Caeli
372 1360 505 1400 iungens
532 1361 655 1392 civibus
928 1364 981 1399 Et,
1010 1365 1090 1395 sicut
1119 1367 1323 1400 consuevisti.

255 1408 334 1439 Tuis
360 1418 463 1449 purga
491 1409 640 1450 precibus
928 1412 1082 1444 Introduc
1109 1422 1206 1453 regno
1234 1414 1353 1446 Christi

304 1457 452 1489 Peccatis
478 1457 663 1497 implicitos.
974 1461 1036 1493 Per
1062 1469 1143 1494 eum,
1172 1463 1225 1501 qui
1251 1467 1298 1494 est
1326 1463 1403 1496 vita.

573 1536 606 1570 9.
633 1535 694 1575 Da,
722 1535 820 1575 Deus,
850 1541 885 1569 ut
911 1537 951 1568 sit
978 1538 1033 1570 ita.

209 1610 297 1638 Grad.
320 1620 374 1638 ms.
396 1611 617 1639 Averbodiense
639 1621 716 1640 saec.
740 1612 783 1639 15.
799 1613 870 1641 Cod.
886 1615 1084 1642 Averhodien.
1107 1625 1129 1641 s.
1153 1625 1182 1642 n.
1205 1617 1238 1643 A.
1255 1631 1291 1634 —
1310 1617 1394 1642 Miss.
1417 1626 1469 1642 ins.

132 1648 355 1677 Averbodiense
383 1659 458 1678 saec.
490 1650 533 1678 15.
566 1650 636 1680 Cod.
666 1652 862 1679 Averbodien.
892 1662 914 1679 s.
941 1662 968 1679 n.
996 1655 1026 1680 B.
1051 1669 1085 1672 —
1108 1655 1190 1682 Miss.
1221 1664 1272 1681 nis.
1302 1654 1469 1682 parchens-

132 1689 204 1715 anni
235 1686 317 1716 1539.
341 1689 412 1717 Cod.
434 1690 604 1717 Bruxellen.
626 1690 666 1717 11.
698 1688 784 1718 2347.
806 1689 832 1717 2.
855 1693 886 1719 C.
910 1707 946 1709 —
968 1691 1029 1725 51),
1058 1691 1075 1719 2
1097 1691 1130 1720 In
1152 1694 1238 1720 factis
1260 1695 1360 1721 verbis
1380 1697 1411 1722 C.
1434 1709 1471 1712 ἢ

132 1725 186 1759 4a,
209 1725 227 1755 3
247 1729 466 1764 Tungrensium
488 1730 548 1756 AB*
571 1744 608 1747 -
629 1728 683 1763 δὴ,
708 1728 720 1756 l
743 1729 886 1758 Eufratae
907 1731 967 1758 AB.
986 1747 1013 1749 —
1037 1730 1090 1766 51),
1113 1732 1130 1756 2'·
1152 1734 1269 1759 censuit
1289 1734 1350 1760 AB.
1367 1748 1402 1751 —
1418 1732 1469 1761 61),

135 1765 146 1792 1
170 1766 247 1793 Dum
271 1766 302 1794 C.
326 1781 363 1785 —
385 1765 436 1801 6b,
459 1766 477 1794 4
498 1768 523 1794 A
546 1768 639 1795 solem
661 1769 692 1796 C.
712 1785 747 1787 —
763 1767 814 1802 7b,
837 1768 855 1796 4
877 1769 915 1796 Et
936 1779 1022 1805 quein
1047 1771 1078 1797 B.
1096 1786 1133 1790 —
1147 1769 1198 1806 Sa,
1221 1770 1239 1798 4
1262 1773 1387 1807 iungens
1409 1773 1470 1799 AB.

542 1941 608 1972 287.
651 1941 692 1972 De
715 1943 823 1973 sancto
846 1941 1056 1983 Sigismundo.

158 2041 217 2074 la.
250 2038 367 2074 inclite
393 2051 450 2074 rex
476 2050 596 2083 regum,
832 2043 894 2078 lb.
927 2044 1051 2078 Ornatu
1078 2045 1131 2085 qui
1159 2046 1246 2085 regio

251 2090 325 2122 Tibi
352 2091 605 2131 suppeditantur
927 2093 1117 2133 Limatoque
1144 2094 1253 2133 gladio

249 2139 411 2180 Quaeque,
438 2148 511 2171 nam
538 2139 711 2171 rotundum
925 2141 1045 2181 Regem
1074 2143 1207 2174 decoras

249 2187 347 2229 Regis
373 2188 548 2228 muudum3
925 2189 1175 2230 sigismundum.

153 2267 213 2298 2a.
245 2262 340 2299 Hune
365 2269 537 2305 patronum
561 2273 623 2306 pro
646 2264 766 2297 solacio
827 2266 889 2299 2b.
923 2264 1085 2307 Angelino
1112 2268 1165 2306 qui
1192 2267 1314 2307 palatio

247 2313 361 2346 Nostri
386 2313 495 2345 cordis
518 2313 614 2354 elegit
641 2313 736 2352 ratio,
924 2315 1076 2351 Residet;
1099 2315 1357 2347 dinoscatomnis
1369 2317 1468 2350 natio.

147 2393 210 2425 Sa.
241 2387 372 2425 Nostris
398 2400 475 2432 ergo
502 2390 664 2422 mentibus
829 2391 891 2427 3b.
925 2389 1083 2426 Neumata
1109 2402 1171 2432 quo
1198 2393 1394 2426 modulizant

246 2439 384 2473 Medere
408 2439 606 2480 tabentibus,
926 2441 975 2473 Ac
1001 2441 1239 2473 dulcisonarum
1268 2447 1379 2474 tonant

249 2487 296 2522 Ut
321 2497 555 2529 consequamur
583 2487 716 2529 caeiica‚
924 2489 1054 2522 Fidium
1081 2490 1238 2530 angelica.
