1655 2713
181 675 201 707 2
213 683 244 707 a.
280 673 385 706 Gustu
403 682 538 713 serpens
551 683 645 714 quam
660 673 796 704 incussit

177 932 230 963 3a

175 1236 228 1267 4a

178 1493 240 1524 53.

178 1749 241 1780 63.

181 2004 242 2037 73.

177 2261 240 2293 Sa.

703 143 940 179 -55-

588 303 636 335 52.
680 305 722 336 De
743 305 854 336 sancta
878 301 1056 345 Apollonia.

534 418 565 450 1.
603 418 766 457 Splendor
791 419 894 459 patris
921 422 952 450 et
979 417 1091 460 figura,

602 465 694 498 Nova
720 475 780 506 per
805 471 837 498 te
860 466 898 498 fit
921 464 1056 508 factura,

601 513 684 546 Dum
713 515 809 555 culpa
834 518 926 546 vetus
951 513 1145 556 protoplasti

649 562 734 594 Mari
762 563 861 594 rubro
886 562 1017 601 labitur,

277 722 368 754 Intra
399 721 543 762 paradisi
570 730 695 762 saepes,

277 770 327 802 Tu
355 770 460 801 crucis
486 774 564 810 potu
589 769 700 809 stipite

326 817 431 850 Solvis
458 818 669 849 amarissimo.

234 958 240 964 .
276 931 361 970 Quos
389 929 463 960 dum
490 928 603 959 reddis
629 928 770 960 aetheris

273 977 373 1009 Varia
400 986 458 1017 per
485 976 655 1016 praeludia

274 1023 435 1060 Caritatis
460 1023 618 1063 fervidae,

271 1074 341 1106 Hos
368 1074 500 1106 tandem
525 1071 703 1104 multifaria

319 1122 458 1154 Beornm
477 1121 607 1153 firmant
620 1121 787 1161 dogmata3

274 1233 444 1266 Primaevo
470 1241 542 1264 nam
569 1232 685 1264 aetatis
710 1229 790 1262 flore

274 1281 462 1314 Pneumatis
489 1280 576 1312 dulci
599 1278 684 1312 freta
702 1288 791 1311 more

273 1330 439 1362 Idolorum
470 1329 610 1360 victimis

323 1378 443 1411 Renuit
469 1378 595 1418 aptari3

275 1491 373 1530 Quae.
403 1490 478 1521 dum
505 1488 590 1529 regis
616 1487 685 1519 filia

324 1538 422 1570 Esset
448 1537 679 1577 praeamanda,

274 1587 426 1626 Quaeque
452 1585 563 1616 mundi
590 1585 667 1616 vilia

324 1634 428 1666 Docet
454 1632 638 1666 refutanda.

278 1746 343 1779 Dat
370 1746 498 1777 miseris
524 1744 723 1785 munuscula,

279 1794 436 1827 Turbidis
462 1793 583 1825 solacia

278 1843 350 1876 Nec
377 1842 543 1874 daemonis
570 1840 700 1873 fallacia

327 1891 518 1924 Concutitur
544 1889 731 1928 iuvencula3

277 2003 304 2036 Ο
335 2001 415 2034 felix
441 2001 628 2042 Apollonia,

276 2052 406 2091 Quanta
430 2054 462 2082 te
488 2050 627 2091 suspiria

278 2100 423 2136 Pulsant,
451 2107 532 2140 quae
558 2099 726 2130 innumera

326 2148 492 2180 Sustulisti
518 2147 670 2179 verbera!

277 2260 465 2293 Gratiarum
493 2259 656 2300 stipendia

274 2309 410 2350 Porrige
436 2307 636 2340 certantibus

274 2358 312 2390 ln
338 2357 425 2390 valle
450 2356 633 2392 lacrimosa,

275 2406 322 2440 Ut
347 2407 420 2438 luce
445 2403 658 2438 beatitudinis

325 2455 488 2487 Fruamur
514 2453 655 2493 copiosa.

879 673 941 705 2b.

878 927 941 960 3b.

875 1231 939 1264 4b.

879 1487 939 1520 5b.

881 1743 942 1776 6b.

885 1999 945 2033 7b.

879 2257 941 2291 8b.

977 673 1094 704 Mortis
1120 676 1212 703 natos
1239 681 1258 703 3
1283 671 1372 702 letali

974 721 1084 760 Lapsu
1111 719 1200 751 vehis
1227 720 1268 751 ad
1297 720 1470 759 primaeva,

973 769 1124 800 Polorum
1153 772 1250 809 sator,
1279 766 1411 798 foedera

1021 816 1141 847 Tristia
1167 824 1225 855 per
1251 815 1376 854 pocula.

978 928 1022 960 Ut
1049 926 1108 957 hac
1131 935 1223 957 sacra
1250 925 1382 965 virgine,

969 976 1070 1014 Quam
1097 974 1179 1005 miro
1205 974 1302 1004 comis
1330 982 1438 1012 opere,

973 1023 1104 1055 Cunctis
1131 1022 1232 1053 donas
1258 1030 1402 1061 cernere,

970 1071 1058 1111 Quae
1093 1070 1198 1102 carnis
1232 1070 1301 1101 iura
1329 1070 1488 1100 domitans

1020 1119 1178 1150 Virtutum
1213 1118 1338 1158 quaerit
1369 1117 1487 1149 studia.

976 1232 1115 1263 Paterno
1141 1230 1218 1261 licet
1244 1238 1337 1261 caesa
1366 1228 1485 1266 furore,

970 1279 1031 1311 Dei
1058 1278 1173 1319 flagrat
1199 1278 1231 1309 in
1260 1278 1401 1315 dulcore,

972 1327 1177 1367 Paupertatis
1205 1326 1347 1366 collegiis

1025 1375 1123 1408 Petiit
1149 1375 1248 1406 beari.

977 1486 1105 1518 Gaudet
1133 1491 1221 1517 veste
1248 1486 1336 1523 regia

1022 1535 1114 1566 Intus
1142 1534 1287 1565 decorari

975 1583 1094 1622 Nilque
1121 1581 1200 1613 foris
1225 1582 1397 1612 aestimans

1024 1631 1165 1670 Dignum
1191 1629 1349 1661 venerari.

981 1743 1059 1774 Fert
1085 1742 1248 1782 languidis
1276 1741 1426 1780 remedia,

976 1791 1139 1823 Flentium
1167 1791 1313 1822 convivia

978 1841 1015 1873 In
1044 1849 1118 1871 rara
1144 1838 1299 1870 transfert
1327 1839 1453 1878 gaudia,

1025 1888 1208 1920 Resuscitat
1238 1886 1442 1919 infantulum.

982 2001 1031 2032 Tu
1059 1999 1139 2030 caeli
1166 1997 1250 2030 freta
1276 1998 1387 2035 iubilo,

978 2049 1083 2079 Prona
1114 2048 1157 2079 sis
1183 2047 1304 2079 auxilio

975 2097 1064 2138 Tuis,
1092 2096 1193 2136 virgo,
1222 2095 1361 2136 famulis,

1024 2145 1084 2183 Qui
1111 2150 1142 2175 tc
1170 2144 1277 2175 colunt
1305 2144 1464 2183 precibus.

979 2257 1199 2297 Supernorum
1226 2256 1371 2294 tripudia

975 2305 1105 2337 Adhibe
1131 2303 1331 2344 gementibus

976 2354 1046 2386 Tua
1072 2361 1130 2394 per
1156 2356 1291 2389 secreta,

976 2402 1061 2441 Quos
1077 2401 1183 2432 carnis
1197 2404 1321 2432 aestuat
1332 2400 1489 2434 stimulus,

1025 2450 1147 2483 Colona
1173 2449 1392 2490 Olymporum,
