1655 2713
721 164 983 201 —116—

215 262 274 293 6³.
311 261 419 293 Visum
446 264 563 304 caecis,
596 263 652 294 sed
679 262 822 294 auditum
908 261 971 295 6b.
1004 262 1088 295 Sane
1120 262 1188 303 figit
1215 262 1341 295 claudis
1365 270 1521 304 gressum,

310 308 422 341 Surdis
447 315 590 350 praestat
617 310 802 350 expeditum
1001 314 1030 342 A
1056 311 1243 351 stringentis
1269 311 1346 342 sinit
1371 319 1518 351 pressum

357 358 399 389 Et
426 358 513 398 fugat
541 359 726 398 daemonia3
1049 358 1164 390 Febris
1188 359 1377 392 acrimonia.

910 455 928 486 7
941 454 972 486 b.
1003 455 1102 494 Quem
1130 455 1266 486 vitutum
1290 460 1338 487 tot
1363 455 1483 487 honore

1003 503 1196 535 Perornavit
1220 503 1302 534 miro
1328 512 1416 535 more

1051 550 1170 583 Divina
1196 551 1376 585 clementia.

215 454 274 486 Ta.
307 454 354 485 De
380 454 526 494 supernis
554 462 629 485 voce
655 454 748 494 lapsa

310 501 451 532 Tandem
479 501 507 532 ei
534 506 582 532 est
608 502 776 533 commissa

357 549 563 580 Praesulatus
591 549 748 589 dignita83

213 645 270 676 Sa.
304 644 401 684 Ergo,
428 649 537 675 sancte
563 649 665 685 pater,
693 645 780 685 audi,
906 645 968 679 8b.
1001 646 1055 686 Ut,
1082 647 1136 686 qui
1163 646 1240 678 fecit
1265 650 1297 678 te
1323 646 1462 685 beatum,

306 691 506 728 Eadmunde‚
539 696 611 723 tuae
637 693 725 724 laudi
1001 694 1104 726 Nobis
1129 695 1283 735 praebeat
1311 695 1472 736 ducatum,

354 741 506 771 Astantes
533 744 563 770 et
589 740 737 779 impetra,
1046 742 1112 776 Ubi
1139 752 1202 783 pax
1227 747 1257 774 et
1283 743 1445 783 gaudium.

264 834 351 861 Grad.
373 843 425 860 ms,
448 835 633 869 Margaretae
654 835 811 863 Scheit'sart
832 837 867 863 ‹le
889 837 1009 864 Merode
1032 847 1108 864 saec.
1133 837 1175 865 15.
1198 838 1268 864 Cod.
1291 839 1367 864 Mus.
1391 839 1513 874 Hunga-

185 870 379 936 21:2i1v‡{{·—
395 873 519 908 Strophe
542 872 566 905 1,
589 873 605 900 ’7
628 874 685 900 und
707 872 724 900 8
746 874 811 901 sind
834 875 884 902 der
899 876 1191 911 Nicolaus-Sequenz
1213 876 1348 912 gleichen
1363 877 1513 912 Aufanges

605 1081 659 1111 121.
702 1080 743 1110 De
765 1083 873 1112 sancto
894 1081 1088 1112 Eleutherio.

218 1196 274 1230 la.
308 1197 445 1228 Plaudat
479 1197 565 1228 orbis
593 1202 623 1228 et
649 1198 690 1229 ad
713 1199 817 1230 caelos
904 1199 964 1233 1b.
997 1201 1079 1233 Prae
1105 1202 1220 1232 ceteris
1247 1202 1349 1233 Deum
1376 1202 1485 1233 laudet

306 1243 404 1275 Ferat
434 1244 563 1276 laudum
600 1245 693 1277 dulce
718 1246 817 1277 melos
997 1247 1171 1285 Tornaeus,
1199 1258 1279 1288 quae
1306 1250 1373 1281 eius
1391 1251 1509 1291 gaudet

351 1292 528 1323 Eleutherii
556 1293 717 1325 memoria.
1044 1295 1195 1335 Corporis
1219 1298 1413 1336 praesentia.

211 1388 270 1418 2³.
304 1387 383 1418 Tres
410 1386 578 1418 defunctos
603 1389 780 1429 suscitavit,
903 1390 964 1424 21).
999 1391 1109 1423 Caecis
1137 1392 1222 1423 visus
1249 1397 1459 1432 restauratur,

305 1435 431 1475 Leprae
460 1435 592 1466 mendas
618 1436 801 1467 emundavit
997 1439 1111 1478 Aegris
1137 1439 1223 1470 salus
1250 1446 1420 1480 reparatur

355 1483 513 1514 Praesulis
540 1483 653 1515 oratio.
1045 1487 1122 1518 Eius
1149 1487 1314 1521 beneficio.

212 1579 272 1610 3a,
305 1578 481 1619 Eleutheri,
510 1587 564 1610 vas
591 1579 737 1618 electum,
901 1580 961 1613 3b.
993 1582 1041 1612 Tu
1067 1583 1143 1620 vita,
1171 1581 1257 1614 fama
1283 1584 1429 1626 celebris,

995 1629 1109 1661 Carnis
1135 1639 1247 1662 carens
1273 1632 1435 1664 illecebris

1043 1678 1155 1709 Flores
1182 1679 1315 1718 pudoris
1341 1680 1418 1711 lilio.

305 1625 503 1664 Depuratum
530 1631 564 1657 ut
590 1626 743 1658 electrum

352 1673 477 1704 Saeculi
503 1673 560 1704 sub
586 1674 745 1713 incendio,

203 1770 264 1800 42.
301 1767 424 1799 Probra
457 1768 560 1808 gentis
586 1767 649 1800 fert
677 1768 811 1801 furentis
896 1771 958 1805 4b.
989 1771 1193 1811 Vulneratur‚
1222 1780 1330 1806 manat
1355 1776 1443 1808 rivus

299 1815 516 1857 DocumentiS,
544 1817 739 1856 argumentis
991 1819 1133 1859 Cruoris,
1163 1820 1199 1852 fit
1225 1823 1408 1864 semivivus,

346 1863 408 1894 Hic
438 1873 497 1903 pro
522 1863 586 1896 fide
612 1865 739 1899 militat.
1037 1867 1136 1906 Quem
1202 1871 1292 1909 plebs
1350 1872 1506 1912 plangens

1272 1919 1392 1953 visitat.

203 2009 221 2038 5
235 2016 263 2039 a.
296 2007 371 2046 Quis
398 2012 546 2046 enarret,
579 2017 671 2047 quam
699 2006 813 2040 festive
898 2009 960 2043 5b.
991 2011 1132 2050 Quantus
1149 2012 1200 2044 hic
1215 2018 1272 2055 est,
1288 2015 1343 2054 qui
1356 2017 1504 2056 supernis

300 2054 455 2086 Veniente
477 2059 566 2087 tanto
594 2056 661 2087 cive

347 2103 470 2134 Plausit
496 2103 575 2134 caeli
602 2104 709 2144 curia;

201 2199 262 2230 6a.
293 2198 366 2230 Iesu
392 2198 483 2241 bone,
511 2202 545 2230 tu
573 2207 718 2242 coronae,

297 2246 346 2278 Tu
373 2247 466 2279 dator
492 2247 653 2289 victoriae,

343 2295 391 2326 Tu
417 2298 599 2326 sanctorum
625 2296 738 2336 gloria,

992 2058 1098 2091 Festis
1124 2060 1218 2092 simul
1245 2066 1277 2093 et
1301 2065 1441 2096 aeternis

1040 2107 1133 2139 Nova
1159 2109 1271 2141 miscet
1297 2112 1439 2151 gaudia?

893 2201 955 2235 6b.
987 2202 1038 2234 Da
1062 2203 1222 2236 stantibus
1248 2206 1282 2237 in
1307 2207 1377 2238 acie

990 2250 1070 2283 Cum
1096 2251 1157 2282 hoc
1182 2251 1247 2284 frui
1271 2255 1381 2294 requie

1036 2299 1074 2331 In
1101 2300 1233 2332 caelesti
1259 2303 1376 2342 patria.

251 2389 334 2417 Miss.
356 2390 542 2418 Tor-nacense
563 2391 632 2427 imp.
656 2391 778 2420 Parisiis
803 2391 885 2421 1498.
906 2394 941 2421 A.
964 2409 999 2412 —
1015 2395 1098 2422 Miss.
1119 2397 1307 2426 Tomacense
1329 2399 1397 2435 imp.
1419 2401 1503 2429 Pari-

173 2428 225 2454 siis
250 2426 332 2456 1509.
358 2429 388 2455 B.
410 2445 448 2449 —
463 2430 546 2456 Miss.
569 2431 755 2458 Tornacense
776 2432 845 2468 imp.
867 2433 994 2460 Parisiis
1018 2432 1100 2462 1540.
1122 2435 1154 2462 C.
1171 2451 1208 2455 —
1225 2434 1277 2469 lb,
1298 2435 1316 2464 2
1336 2439 1504 2469 Tornaeus-

171 2475 229 2502 que
250 2467 283 2494 A.
306 2483 343 2486 —
366 2465 420 2501 3a,
441 2466 459 2494 2
481 2471 513 2495 ut
535 2469 660 2496 electum
682 2467 721 2496 A.
