1655 2713
687 151 924 186 -79-

603 291 649 322 79.
690 291 733 323 Do
754 293 863 323 saneto
886 291 1014 323 Basilio.

523 380 553 412 1.
583 379 654 412 Vox
680 381 881 420 respondens
907 382 1049 414 moribus

580 427 733 467 Magnum
760 429 883 468 magnis
910 429 1060 462 laudibus

630 475 770 507 Attollat
796 476 961 516 Basiliam,

152 555 223 588 2a.
255 555 314 595 Qui
343 557 491 590 doctrina
518 559 655 592 celebris
858 563 924 596 2b.
957 564 1082 596 Lucens
1109 570 1141 597 et
1166 567 1361 607 illuminem,

255 604 299 637 Ut
325 605 432 638 lumen
460 608 500 638 de
526 608 668 640 tenebris
955 613 1094 644 Verbum
1123 615 1207 646 vitae
1233 616 1394 647 seminans

304 653 448 687 Emersit
473 657 658 696 gentilium;
1001 661 1097 693 Delet
1123 663 1238 703 dogma
1266 664 1404 697 devium.

148 740 219 772 3a.
252 739 324 771 Non
351 745 481 774 renatus
507 743 630 782 gratiae
854 748 874 778 3
891 747 920 779 b.
954 747 1007 778 Nil
1035 753 1195 780 terrenum
1225 750 1341 789 diligit,

252 787 368 820 Studet
393 790 620 829 abstinentiae,
958 796 1056 827 Puros
1083 806 1194 828 sensus
1222 798 1333 838 dirigit

303 836 446 877 Sequens
472 841 711 881 castimoniam;
1002 845 1038 876 In
1065 854 1189 876 ornnem
1217 847 1383 879 iustitiam.

153 925 218 956 4a.
252 923 288 955 In
318 922 446 956 fervore
472 926 606 965 spiritus
853 929 920 962 4b.
952 931 1022 970 Qui,
1052 931 1125 962 dum
1154 932 1216 962 sibi
1244 932 1361 972 de>ipit

252 971 392 1011 Docens,
421 973 534 1006 doctus
560 976 694 1006 caelitus
948 978 990 1009 Et
1017 979 1049 1010 in
1077 979 1179 1010 Deum
1208 981 1332 1020 resipit,

300 1021 438 1052 Doctum
475 1023 573 1054 trahit
609 1023 766 1055 Eubolum
995 1026 1099 1058 Datur
1125 1033 1214 1059 tanto
1243 1030 1363 1059 rhetori

299 1070 351 1101 Ad
379 1070 492 1102 salutis
519 1071 710 1111 symbolum.
999 1075 1129 1107 Christo
1154 1086 1249 1115 posse
1277 1078 1440 1110 commori.

147 1157 216 1187 521.
250 1155 276 1188 O
302 1165 396 1195 quam
425 1157 552 1197 dignum
851 1163 869 1192 5
888 1160 917 1193 b.
950 1162 1074 1201 Aquam
1104 1167 1219 1201 movet,

250 1203 348 1236 Lucis
373 1205 498 1245 signum
948 1209 1098 1241 Sanctum
1128 1210 1215 1242 fovet

297 1252 556 1294 Demonstratur‚
998 1259 1115 1289 Plausu
1144 1259 1264 1290 blando

299 1300 383 1332 Dum
409 1302 537 1334 lavatur
996 1306 1184 1338 Revolando

348 1351 384 1382 ln
411 1359 493 1390 aqua
521 1351 682 1391 Basilius;
1044 1356 1199 1387 Columba
1226 1357 1405 1390 sublimius.

141 1437 167 1469 6
183 1445 212 1468 a.
245 1435 362 1477 Gregis
390 1443 497 1469 rector
850 1441 917 1474 6b.
950 1442 1032 1473 Iram
1061 1443 1144 1483 regis

246 1485 289 1517 Et
315 1490 491 1525 protector,
995 1490 1065 1521 Non
1095 1496 1232 1533 veretur,

297 1533 360 1564 Hic
385 1533 532 1574 profanis
947 1537 1006 1569 Dei
1035 1539 1113 1578 legis

294 1582 445 1613 Arrianis
994 1586 1076 1617 Dum
1106 1592 1213 1619 tuetur

346 1630 514 1662 Resistens
540 1631 725 1670 instantius,
1043 1635 1183 1666 Decreta
1210 1638 1421 1669 constantius.

148 1717 170 1748 7
187 1726 216 1749 a.
250 1717 322 1749 Suis
350 1717 458 1749 verbis
485 1726 675 1750 consecrare
854 1721 871 1752 7
890 1720 920 1752 b.
952 1721 1034 1752 Dum
1053 1723 1213 1754 ministrat
1229 1728 1460 1767 cumtremore‚

255 1765 374 1797 Sancta
401 1766 512 1797 volens
540 1766 629 1797 videt
654 1766 740 1797 clare
948 1769 1067 1801 Dulces
1095 1772 1206 1802 moslos
1233 1772 1265 1803 in
1288 1773 1462 1812 splendore

300 1814 368 1846 Sibi
396 1815 517 1846 Christi
551 1815 766 1854 praesentiam
996 1818 1203 1851 Modulantes
1229 1822 1366 1860 apostoli

296 1862 384 1894 Dare
410 1863 562 1894 sacrandi
589 1864 737 1903 gratiam.
995 1866 1187 1900 Demulcent
1216 1878 1310 1900 aures
1331 1869 1460 1903 Euboli.

145 1950 166 1982 8
183 1960 213 1985 a.
246 1951 341 1983 Omni
367 1951 482 1992 plenus
509 1952 693 1994 sanctitate,
850 1954 916 1988 8b.
948 1956 1014 1987 Nos
1041 1961 1203 1989 asstantes
1231 1963 1304 1990 tuae
1331 1960 1431 1998 laudi,

246 1999 372 2040 Dignus
399 2000 461 2032 Dei
489 2001 649 2042 claritate,
944 2005 1062 2044 Magne
1089 2011 1192 2047 pater,
1220 2008 1292 2047 pius
1318 2009 1405 2045 audi„

294 2048 543 2080 Consummatur
992 2052 1036 2085 Ut
1061 2057 1093 2084 te
1120 2055 1201 2086 duce

290 2097 333 2129 Et
361 2097 476 2129 beatur
992 2101 1079 2134 Vera
1105 2103 1175 2134 luce

343 2146 421 2178 Cum
449 2146 571 2177 sanctis
594 2145 626 2176 in
645 2145 760 2187 gloria.
1039 2151 1200 2183 Fruamur
1226 2153 1257 2183 in
1288 2154 1404 2192 patria.

563 2234 595 2268 9.
622 2234 726 2265 Amen
753 2233 862 2266 dicant
888 2236 1004 2270 omnia.

194 2320 279 2347 Miss.
296 2328 348 2347 ms.
365 2319 517 2356 Brugense
533 2327 611 2346 saec.
629 2317 673 2346 15.
687 2319 760 2347 Cod.
775 2320 885 2347 Semin.
901 2321 1045 2357 Brugena.
1060 2321 1078 2350 3
1093 2321 1159 2355 (48).
1174 2323 1207 2350 A.
1221 2339 1256 2343 —
1269 2325 1350 2352 Miss.
1365 2327 1454 2353 Mori-

108 2367 208 2386 ·nense
224 2359 295 2395 imp.
309 2358 490 2394 Rothomagi
509 2357 591 2385 1516.
606 2358 640 2385 Β.
651 2373 688 2376 -
703 2356 715 2384 1
731 2367 756 2392 a,
775 2356 793 2386 2
805 2368 928 2395 magnus
942 2361 972 2387 B.
985 2375 1022 2379 —
1033 2359 1052 2388 3
1063 2370 1089 2395 a,
1108 2361 1119 2388 1
1135 2364 1246 2390 renatis
1260 2364 1296 2397 133
1313 2373 1343 2391 es
1356 2365 1396 2392 ist
1407 2366 1454 2393 die

114 2397 196 2426 Rode
224 2406 285 2425 von
315 2396 446 2425 Basilius
476 2397 521 2424 als
548 2397 614 2424 dem
646 2396 793 2431 „nondum
822 2398 977 2433 renatus“;
1006 2401 1056 2427 cir.
1091 2399 1108 2427 5
1120 2409 1151 2433 a,
1179 2400 1198 2428 4
1225 2411 1267 2438 sq.
1289 2417 1326 2421 —
1348 2402 1364 2430 7
1377 2413 1409 2435 a,
1437 2403 1454 2432 2

114 2435 259 2464 Sanctam
284 2438 314 2465 B.
337 2451 376 2456 —
397 2434 459 2469 7a,
481 2434 499 2463 4
523 2437 605 2463 Dans
627 2435 776 2463 reserandi
800 2437 830 2465 B.
854 2451 889 2456 —
911 2435 973 2470 8b,
994 2437 1013 2466 4
1034 2439 1206 2475 Fungamur
1227 2441 1260 2467 Α.
1284 2456 1319 2460 -
1342 2441 1360 2470 9
1381 2443 1455 2471 fehlt

114 2475 149 2503 A.
171 2489 209 2494 —
230 2475 377 2504 Melodie:
399 2476 506 2503 Mane
536 2477 660 2511 prima
687 2475 851 2503 sabbati.
