<?xml version="1.0" encoding="UTF-8"?>
<!DOCTYPE html PUBLIC "-//W3C//DTD XHTML 1.0 Transitional//EN"
    "http://www.w3.org/TR/xhtml1/DTD/xhtml1-transitional.dtd">
<html xmlns="http://www.w3.org/1999/xhtml" xml:lang="en" lang="en">
 <head>
  <title>
</title>
<meta http-equiv="Content-Type" content="text/html;charset=utf-8" />
  <meta name='ocr-system' content='tesseract 3.04.00' />
  <meta name='ocr-capabilities' content='ocr_page ocr_carea ocr_par ocr_line ocrx_word'/>
</head>
<body>
  <div class='ocr_page' id='page_1' title='image "./analectahymnica44drevuoft_0252.png"; bbox 0 0 1655 2713; ppageno 0'>
   <div class='ocr_carea' id='block_1_1' title="bbox 156 144 1475 1590">
    <p class='ocr_par' dir='ltr' id='par_1_1' title="bbox 156 144 1475 1590">
     <span class='ocr_line' id='line_1_1' title="bbox 693 144 955 181; baseline 0.023 -4"><span class='ocrx_word' id='word_1_1' title='bbox 693 162 739 167; x_wconf 67' lang='lat'>‚-</span> <span class='ocrx_word' id='word_1_2' title='bbox 790 144 860 181; x_wconf 83' lang='lat'>249</span> <span class='ocrx_word' id='word_1_3' title='bbox 912 168 955 172; x_wconf 97' lang='lat'><strong>—</strong></span> 
     </span>
     <span class='ocr_line' id='line_1_2' title="bbox 179 229 1225 280; baseline 0.02 -20"><span class='ocrx_word' id='word_1_4' title='bbox 179 229 242 261; x_wconf 88' lang='lat' dir='ltr'>2a.</span> <span class='ocrx_word' id='word_1_5' title='bbox 274 229 393 272; x_wconf 86' lang='lat' dir='ltr'>Fulget</span> <span class='ocrx_word' id='word_1_6' title='bbox 417 233 451 266; x_wconf 89' lang='lat' dir='ltr'>in</span> <span class='ocrx_word' id='word_1_7' title='bbox 477 237 670 270; x_wconf 85' lang='lat' dir='ltr'>caelestibus</span> <span class='ocrx_word' id='word_1_8' title='bbox 873 244 935 278; x_wconf 88' lang='lat' dir='ltr'>2b.</span> <span class='ocrx_word' id='word_1_9' title='bbox 966 245 1031 278; x_wconf 90' lang='lat' dir='ltr'>Ubi</span> <span class='ocrx_word' id='word_1_10' title='bbox 1058 247 1117 279; x_wconf 89' lang='lat' dir='ltr'>Dei</span> <span class='ocrx_word' id='word_1_11' title='bbox 1144 248 1225 280; x_wconf 84' lang='lat' dir='ltr'>visio</span> 
     </span>
     <span class='ocr_line' id='line_1_3' title="bbox 276 278 1328 337; baseline 0.019 -27"><span class='ocrx_word' id='word_1_12' title='bbox 276 278 356 311; x_wconf 89' lang='lat' dir='ltr'>Cum</span> <span class='ocrx_word' id='word_1_13' title='bbox 382 286 566 316; x_wconf 85' lang='lat' dir='ltr'>sanctorum</span> <span class='ocrx_word' id='word_1_14' title='bbox 592 287 736 319; x_wconf 86' lang='lat' dir='ltr'>coetibus</span> <span class='ocrx_word' id='word_1_15' title='bbox 971 294 1064 327; x_wconf 90' lang='lat' dir='ltr'>Omni</span> <span class='ocrx_word' id='word_1_16' title='bbox 1090 296 1186 336; x_wconf 86' lang='lat' dir='ltr'>plena</span> <span class='ocrx_word' id='word_1_17' title='bbox 1211 297 1328 337; x_wconf 85' lang='lat' dir='ltr'>gaudio</span> 
     </span>
     <span class='ocr_line' id='line_1_4' title="bbox 323 327 1351 380; baseline 0.018 -21"><span class='ocrx_word' id='word_1_18' title='bbox 323 327 460 362; x_wconf 87' lang='lat' dir='ltr'>Peracta</span> <span class='ocrx_word' id='word_1_19' title='bbox 487 332 633 367; x_wconf 84' lang='lat' dir='ltr'>victoria.</span> <span class='ocrx_word' id='word_1_20' title='bbox 1019 343 1212 377; x_wconf 86' lang='lat' dir='ltr'>Consolatur</span> <span class='ocrx_word' id='word_1_21' title='bbox 1235 346 1351 380; x_wconf 83' lang='lat' dir='ltr'>omnia.</span> 
     </span>
     <span class='ocr_line' id='line_1_5' title="bbox 178 407 1310 466; baseline 0.017 -26"><span class='ocrx_word' id='word_1_22' title='bbox 178 407 240 442; x_wconf 87' lang='lat' dir='ltr'>3a.</span> <span class='ocrx_word' id='word_1_23' title='bbox 272 407 383 442; x_wconf 84' lang='lat' dir='ltr'><strong>Sancti</strong></span> <span class='ocrx_word' id='word_1_24' title='bbox 409 411 503 445; x_wconf 90' lang='lat' dir='ltr'>huius</span> <span class='ocrx_word' id='word_1_25' title='bbox 529 416 624 454; x_wconf 73' lang='lat' dir='ltr'>actio.</span> <span class='ocrx_word' id='word_1_26' title='bbox 879 422 942 456; x_wconf 87' lang='lat' dir='ltr'>3b.</span> <span class='ocrx_word' id='word_1_27' title='bbox 975 424 1117 457; x_wconf 83' lang='lat' dir='ltr'>Terrena</span> <span class='ocrx_word' id='word_1_28' title='bbox 1145 426 1310 466; x_wconf 78' lang='lat' dir='ltr'>despicere</span> 
     </span>
     <span class='ocr_line' id='line_1_6' title="bbox 271 456 1347 515; baseline 0.019 -27"><span class='ocrx_word' id='word_1_29' title='bbox 271 456 375 490; x_wconf 91' lang='lat' dir='ltr'>Huius</span> <span class='ocrx_word' id='word_1_30' title='bbox 404 462 607 500; x_wconf 87' lang='lat' dir='ltr'>praedicatio</span> <span class='ocrx_word' id='word_1_31' title='bbox 973 471 1099 504; x_wconf 89' lang='lat' dir='ltr'>Docens</span> <span class='ocrx_word' id='word_1_32' title='bbox 1126 479 1157 505; x_wconf 90' lang='lat' dir='ltr'>et</span> <span class='ocrx_word' id='word_1_33' title='bbox 1182 476 1347 515; x_wconf 81' lang='lat' dir='ltr'>acquirere</span> 
     </span>
     <span class='ocr_line' id='line_1_7' title="bbox 319 505 1318 563; baseline 0.018 -25"><span class='ocrx_word' id='word_1_34' title='bbox 319 505 374 538; x_wconf 91' lang='lat' dir='ltr'>Fit</span> <span class='ocrx_word' id='word_1_35' title='bbox 405 509 519 542; x_wconf 89' lang='lat' dir='ltr'>salutis</span> <span class='ocrx_word' id='word_1_36' title='bbox 545 513 667 551; x_wconf 81' lang='lat' dir='ltr'>nuntia.</span> <span class='ocrx_word' id='word_1_37' title='bbox 1019 521 1165 553; x_wconf 84' lang='lat' dir='ltr'>Paradisi</span> <span class='ocrx_word' id='word_1_38' title='bbox 1192 524 1318 563; x_wconf 79' lang='lat' dir='ltr'>gaudia.</span> 
     </span>
     <span class='ocr_line' id='line_1_8' title="bbox 177 587 1216 644; baseline 0.018 -27"><span class='ocrx_word' id='word_1_39' title='bbox 177 587 239 619; x_wconf 88' lang='lat' dir='ltr'>4a.</span> <span class='ocrx_word' id='word_1_40' title='bbox 271 587 408 620; x_wconf 85' lang='lat' dir='ltr'>Exstitit</span> <span class='ocrx_word' id='word_1_41' title='bbox 436 599 495 630; x_wconf 87' lang='lat' dir='ltr'>pro</span> <span class='ocrx_word' id='word_1_42' title='bbox 522 594 663 634; x_wconf 90' lang='lat' dir='ltr'>speculo,</span> <span class='ocrx_word' id='word_1_43' title='bbox 873 600 936 633; x_wconf 89' lang='lat' dir='ltr'>4b.</span> <span class='ocrx_word' id='word_1_44' title='bbox 972 602 1077 640; x_wconf 87' lang='lat' dir='ltr'>Ipsius</span> <span class='ocrx_word' id='word_1_45' title='bbox 1105 604 1216 644; x_wconf 78' lang='lat' dir='ltr'>religio</span> 
     </span>
     <span class='ocr_line' id='line_1_9' title="bbox 271 635 1315 693; baseline 0.018 -26"><span class='ocrx_word' id='word_1_46' title='bbox 271 635 355 668; x_wconf 91' lang='lat' dir='ltr'>Dum</span> <span class='ocrx_word' id='word_1_47' title='bbox 384 638 465 671; x_wconf 86' lang='lat' dir='ltr'>vixit</span> <span class='ocrx_word' id='word_1_48' title='bbox 491 640 524 672; x_wconf 90' lang='lat' dir='ltr'>in</span> <span class='ocrx_word' id='word_1_49' title='bbox 551 643 698 682; x_wconf 78' lang='lat' dir='ltr'>saecu10;</span> <span class='ocrx_word' id='word_1_50' title='bbox 808 667 812 670; x_wconf 93' lang='lat'><em>-</em></span> <span class='ocrx_word' id='word_1_51' title='bbox 967 649 1085 690; x_wconf 80' lang='lat' dir='ltr'>Fulget</span> <span class='ocrx_word' id='word_1_52' title='bbox 1110 660 1181 683; x_wconf 91' lang='lat' dir='ltr'>cum</span> <span class='ocrx_word' id='word_1_53' title='bbox 1207 653 1315 693; x_wconf 86' lang='lat' dir='ltr'>Eligio</span> 
     </span>
     <span class='ocr_line' id='line_1_10' title="bbox 320 685 1351 738; baseline 0.018 -22"><span class='ocrx_word' id='word_1_54' title='bbox 320 685 424 718; x_wconf 90' lang='lat' dir='ltr'>Huius</span> <span class='ocrx_word' id='word_1_55' title='bbox 451 687 519 720; x_wconf 89' lang='lat' dir='ltr'>Deo</span> <span class='ocrx_word' id='word_1_56' title='bbox 546 690 666 730; x_wconf 81' lang='lat' dir='ltr'>placita</span> <span class='ocrx_word' id='word_1_57' title='bbox 1016 699 1168 738; x_wconf 84' lang='lat' dir='ltr'>Corporis</span> <span class='ocrx_word' id='word_1_58' title='bbox 1195 703 1351 735; x_wconf 82' lang='lat' dir='ltr'>munditia</span> 
     </span>
     <span class='ocr_line' id='line_1_11' title="bbox 317 733 1377 790; baseline 0.018 -26"><span class='ocrx_word' id='word_1_59' title='bbox 317 733 392 766; x_wconf 84' lang='lat' dir='ltr'>Vita</span> <span class='ocrx_word' id='word_1_60' title='bbox 416 740 463 766; x_wconf 89' lang='lat' dir='ltr'>est</span> <span class='ocrx_word' id='word_1_61' title='bbox 488 737 617 771; x_wconf 85' lang='lat' dir='ltr'>intuita.</span> <span class='ocrx_word' id='word_1_62' title='bbox 1014 746 1057 777; x_wconf 89' lang='lat' dir='ltr'>Et</span> <span class='ocrx_word' id='word_1_63' title='bbox 1084 748 1235 780; x_wconf 87' lang='lat' dir='ltr'>virtutum</span> <span class='ocrx_word' id='word_1_64' title='bbox 1261 752 1377 790; x_wconf 85' lang='lat' dir='ltr'>gratia.</span> 
     </span>
     <span class='ocr_line' id='line_1_12' title="bbox 170 813 1414 867; baseline 0.017 -24"><span class='ocrx_word' id='word_1_65' title='bbox 170 813 230 846; x_wconf 84' lang='lat' dir='ltr'>5a.</span> <span class='ocrx_word' id='word_1_66' title='bbox 264 813 319 845; x_wconf 91' lang='lat' dir='ltr'>Nil</span> <span class='ocrx_word' id='word_1_67' title='bbox 346 819 508 849; x_wconf 89' lang='lat' dir='ltr'>terrenum</span> <span class='ocrx_word' id='word_1_68' title='bbox 536 819 708 863; x_wconf 79' lang='lat' dir='ltr'>ambiebat,</span> <span class='ocrx_word' id='word_1_69' title='bbox 872 824 934 857; x_wconf 87' lang='lat' dir='ltr'>5b.</span> <span class='ocrx_word' id='word_1_70' title='bbox 965 825 1062 858; x_wconf 90' lang='lat' dir='ltr'>Cuius</span> <span class='ocrx_word' id='word_1_71' title='bbox 1088 837 1183 867; x_wconf 84' lang='lat' dir='ltr'>prece</span> <span class='ocrx_word' id='word_1_72' title='bbox 1210 840 1267 861; x_wconf 87' lang='lat' dir='ltr'>nos</span> <span class='ocrx_word' id='word_1_73' title='bbox 1295 831 1414 864; x_wconf 86' lang='lat' dir='ltr'>deflere</span> 
     </span>
     <span class='ocr_line' id='line_1_13' title="bbox 264 862 1339 922; baseline 0.016 -29"><span class='ocrx_word' id='word_1_74' title='bbox 264 862 346 902; x_wconf 82' lang='lat' dir='ltr'>Quia</span> <span class='ocrx_word' id='word_1_75' title='bbox 372 873 446 896; x_wconf 89' lang='lat' dir='ltr'>vere</span> <span class='ocrx_word' id='word_1_76' title='bbox 471 866 625 907; x_wconf 84' lang='lat' dir='ltr'>diligebat</span> <span class='ocrx_word' id='word_1_77' title='bbox 964 873 1136 907; x_wconf 86' lang='lat' dir='ltr'>Valeamus</span> <span class='ocrx_word' id='word_1_78' title='bbox 1163 882 1193 908; x_wconf 93' lang='lat' dir='ltr'>et</span> <span class='ocrx_word' id='word_1_79' title='bbox 1221 878 1339 922; x_wconf 85' lang='lat' dir='ltr'>delere,</span> 
     </span>
     <span class='ocr_line' id='line_1_14' title="bbox 317 911 1475 963; baseline 0.017 -21"><span class='ocrx_word' id='word_1_80' title='bbox 317 911 422 944; x_wconf 89' lang='lat' dir='ltr'>Iesum</span> <span class='ocrx_word' id='word_1_81' title='bbox 449 923 546 954; x_wconf 89' lang='lat' dir='ltr'>super</span> <span class='ocrx_word' id='word_1_82' title='bbox 571 917 686 949; x_wconf 91' lang='lat' dir='ltr'>omnia.</span> <span class='ocrx_word' id='word_1_83' title='bbox 1009 924 1100 962; x_wconf 76' lang='lat' dir='ltr'>Quod</span> <span class='ocrx_word' id='word_1_84' title='bbox 1120 934 1208 956; x_wconf 87' lang='lat' dir='ltr'>mens</span> <span class='ocrx_word' id='word_1_85' title='bbox 1227 927 1316 958; x_wconf 80' lang='lat' dir='ltr'>timet</span> <span class='ocrx_word' id='word_1_86' title='bbox 1336 932 1475 963; x_wconf 81' lang='lat' dir='ltr'>conscia.</span> 
     </span>
     <span class='ocr_line' id='line_1_15' title="bbox 168 990 1371 1041; baseline 0.016 -19"><span class='ocrx_word' id='word_1_87' title='bbox 168 990 231 1023; x_wconf 78' lang='lat' dir='ltr'>Ga.</span> <span class='ocrx_word' id='word_1_88' title='bbox 262 991 297 1023; x_wconf 93' lang='lat' dir='ltr'>In</span> <span class='ocrx_word' id='word_1_89' title='bbox 326 992 458 1026; x_wconf 86' lang='lat' dir='ltr'>Stabulo</span> <span class='ocrx_word' id='word_1_90' title='bbox 485 995 534 1026; x_wconf 91' lang='lat' dir='ltr'>vir</span> <span class='ocrx_word' id='word_1_91' title='bbox 559 996 685 1029; x_wconf 86' lang='lat' dir='ltr'>stabilis</span> <span class='ocrx_word' id='word_1_92' title='bbox 864 1004 884 1033; x_wconf 72' lang='lat'>6</span> <span class='ocrx_word' id='word_1_93' title='bbox 895 1001 926 1036; x_wconf 80' lang='lat' dir='ltr'>b,</span> <span class='ocrx_word' id='word_1_94' title='bbox 958 1003 1011 1035; x_wconf 87' lang='lat' dir='ltr'>Ad</span> <span class='ocrx_word' id='word_1_95' title='bbox 1039 1014 1187 1038; x_wconf 84' lang='lat' dir='ltr'>mansura</span> <span class='ocrx_word' id='word_1_96' title='bbox 1214 1008 1282 1039; x_wconf 83' lang='lat' dir='ltr'>sine</span> <span class='ocrx_word' id='word_1_97' title='bbox 1310 1009 1371 1041; x_wconf 79' lang='lat' dir='ltr'>tine</span> 
     </span>
     <span class='ocr_line' id='line_1_16' title="bbox 264 1039 1424 1091; baseline 0.016 -21"><span class='ocrx_word' id='word_1_98' title='bbox 264 1039 334 1071; x_wconf 88' lang='lat' dir='ltr'>Deo</span> <span class='ocrx_word' id='word_1_99' title='bbox 360 1040 420 1072; x_wconf 87' lang='lat' dir='ltr'>fuit</span> <span class='ocrx_word' id='word_1_100' title='bbox 446 1042 619 1076; x_wconf 85' lang='lat' dir='ltr'>laudabilis</span> <span class='ocrx_word' id='word_1_101' title='bbox 961 1052 1151 1091; x_wconf 74' lang='lat' dir='ltr'>Suspirabat</span> <span class='ocrx_word' id='word_1_102' title='bbox 1180 1065 1268 1086; x_wconf 76' lang='lat' dir='ltr'>meus</span> <span class='ocrx_word' id='word_1_103' title='bbox 1296 1058 1424 1090; x_wconf 84' lang='lat' dir='ltr'>divinae</span> 
     </span>
     <span class='ocr_line' id='line_1_17' title="bbox 309 1088 1325 1139; baseline 0.017 -21"><span class='ocrx_word' id='word_1_104' title='bbox 309 1088 449 1128; x_wconf 90' lang='lat' dir='ltr'>Operum</span> <span class='ocrx_word' id='word_1_105' title='bbox 475 1099 535 1130; x_wconf 90' lang='lat' dir='ltr'>per</span> <span class='ocrx_word' id='word_1_106' title='bbox 559 1093 684 1126; x_wconf 84' lang='lat' dir='ltr'>merita.</span> <span class='ocrx_word' id='word_1_107' title='bbox 1005 1100 1159 1132; x_wconf 80' lang='lat' dir='ltr'>Servituti</span> <span class='ocrx_word' id='word_1_108' title='bbox 1186 1104 1325 1139; x_wconf 79' lang='lat' dir='ltr'>subdita,</span> 
     </span>
     <span class='ocr_line' id='line_1_18' title="bbox 163 1167 1465 1226; baseline 0.017 -28"><span class='ocrx_word' id='word_1_109' title='bbox 163 1167 223 1201; x_wconf 86' lang='lat' dir='ltr'>7a.</span> <span class='ocrx_word' id='word_1_110' title='bbox 254 1168 332 1200; x_wconf 88' lang='lat' dir='ltr'><strong>Post</strong></span> <span class='ocrx_word' id='word_1_111' title='bbox 357 1169 466 1203; x_wconf 87' lang='lat' dir='ltr'>labilis</span> <span class='ocrx_word' id='word_1_112' title='bbox 490 1173 575 1204; x_wconf 84' lang='lat' dir='ltr'>vitae</span> <span class='ocrx_word' id='word_1_113' title='bbox 602 1183 729 1206; x_wconf 89' lang='lat' dir='ltr'>cursum</span> <span class='ocrx_word' id='word_1_114' title='bbox 857 1178 917 1212; x_wconf 82' lang='lat' dir='ltr'>7b.</span> <span class='ocrx_word' id='word_1_115' title='bbox 950 1180 1148 1214; x_wconf 81' lang='lat' dir='ltr'>Veneremur</span> <span class='ocrx_word' id='word_1_116' title='bbox 1182 1184 1265 1216; x_wconf 87' lang='lat' dir='ltr'>hunc</span> <span class='ocrx_word' id='word_1_117' title='bbox 1295 1192 1465 1226; x_wconf 82' lang='lat' dir='ltr'>patronum</span> 
     </span>
     <span class='ocr_line' id='line_1_19' title="bbox 258 1215 1462 1276; baseline 0.017 -29"><span class='ocrx_word' id='word_1_118' title='bbox 258 1215 412 1249; x_wconf 89' lang='lat' dir='ltr'>Feliciter</span> <span class='ocrx_word' id='word_1_119' title='bbox 437 1221 565 1252; x_wconf 82' lang='lat' dir='ltr'>scandit</span> <span class='ocrx_word' id='word_1_120' title='bbox 591 1232 727 1264; x_wconf 80' lang='lat' dir='ltr'>sursum,</span> <span class='ocrx_word' id='word_1_121' title='bbox 949 1228 1154 1262; x_wconf 83' lang='lat' dir='ltr'>obtinentem</span> <span class='ocrx_word' id='word_1_122' title='bbox 1188 1234 1268 1264; x_wconf 81' lang='lat' dir='ltr'>caeli</span> <span class='ocrx_word' id='word_1_123' title='bbox 1304 1236 1462 1276; x_wconf 75' lang='lat' dir='ltr'>thronum,</span> 
     </span>
     <span class='ocr_line' id='line_1_20' title="bbox 306 1266 1405 1316; baseline 0.018 -20"><span class='ocrx_word' id='word_1_124' title='bbox 306 1266 342 1297; x_wconf 89' lang='lat' dir='ltr'>In</span> <span class='ocrx_word' id='word_1_125' title='bbox 369 1267 501 1299; x_wconf 88' lang='lat' dir='ltr'>caelesti</span> <span class='ocrx_word' id='word_1_126' title='bbox 527 1270 643 1302; x_wconf 87' lang='lat' dir='ltr'>militia</span> <span class='ocrx_word' id='word_1_127' title='bbox 997 1278 1057 1316; x_wconf 77' lang='lat' dir='ltr'>Qui</span> <span class='ocrx_word' id='word_1_128' title='bbox 1084 1285 1117 1310; x_wconf 82' lang='lat' dir='ltr'>ut</span> <span class='ocrx_word' id='word_1_129' title='bbox 1142 1290 1234 1312; x_wconf 82' lang='lat' dir='ltr'>rosae</span> <span class='ocrx_word' id='word_1_130' title='bbox 1262 1284 1310 1314; x_wconf 87' lang='lat' dir='ltr'>vel</span> <span class='ocrx_word' id='word_1_131' title='bbox 1339 1284 1405 1316; x_wconf 74' lang='lat' dir='ltr'>lilia</span> 
     </span>
     <span class='ocr_line' id='line_1_21' title="bbox 301 1314 1368 1365; baseline 0.018 -21"><span class='ocrx_word' id='word_1_132' title='bbox 301 1314 462 1354; x_wconf 88' lang='lat' dir='ltr'>Receptus</span> <span class='ocrx_word' id='word_1_133' title='bbox 489 1326 559 1348; x_wconf 90' lang='lat' dir='ltr'>cum</span> <span class='ocrx_word' id='word_1_134' title='bbox 586 1318 719 1352; x_wconf 88' lang='lat' dir='ltr'>laetitia.</span> <span class='ocrx_word' id='word_1_135' title='bbox 998 1326 1134 1359; x_wconf 86' lang='lat' dir='ltr'>Redolet</span> <span class='ocrx_word' id='word_1_136' title='bbox 1164 1329 1194 1360; x_wconf 90' lang='lat' dir='ltr'>in</span> <span class='ocrx_word' id='word_1_137' title='bbox 1222 1331 1368 1365; x_wconf 78' lang='lat' dir='ltr'>ecclesia.</span> 
     </span>
     <span class='ocr_line' id='line_1_22' title="bbox 156 1394 1459 1453; baseline 0.018 -29"><span class='ocrx_word' id='word_1_138' title='bbox 156 1394 216 1426; x_wconf 80' lang='lat' dir='ltr'>Sa.</span> <span class='ocrx_word' id='word_1_139' title='bbox 248 1395 274 1426; x_wconf 92' lang='grc' dir='ltr'><strong>Ο</strong></span> <span class='ocrx_word' id='word_1_140' title='bbox 304 1396 465 1439; x_wconf 79' lang='lat' dir='ltr'>Remac1e‚</span> <span class='ocrx_word' id='word_1_141' title='bbox 494 1407 631 1432; x_wconf 85' lang='lat' dir='ltr'>vernans</span> <span class='ocrx_word' id='word_1_142' title='bbox 659 1411 741 1441; x_wconf 65' lang='lat' dir='ltr'>rosa,</span> <span class='ocrx_word' id='word_1_143' title='bbox 853 1405 915 1439; x_wconf 65' lang='lat' dir='ltr'>ab.</span> <span class='ocrx_word' id='word_1_144' title='bbox 949 1408 1081 1440; x_wconf 76' lang='lat' dir='ltr'>praesul</span> <span class='ocrx_word' id='word_1_145' title='bbox 1117 1419 1250 1450; x_wconf 80' lang='lat' dir='ltr'>magnae</span> <span class='ocrx_word' id='word_1_146' title='bbox 1282 1413 1459 1453; x_wconf 71' lang='lat' dir='ltr'>dignitatis,</span> 
     </span>
     <span class='ocr_line' id='line_1_23' title="bbox 253 1443 1327 1501; baseline 0.015 -25"><span class='ocrx_word' id='word_1_147' title='bbox 253 1443 355 1476; x_wconf 84' lang='lat' dir='ltr'>Grata</span> <span class='ocrx_word' id='word_1_148' title='bbox 381 1445 440 1477; x_wconf 87' lang='lat' dir='ltr'>tibi</span> <span class='ocrx_word' id='word_1_149' title='bbox 460 1447 500 1477; x_wconf 83' lang='lat' dir='ltr'>sit</span> <span class='ocrx_word' id='word_1_150' title='bbox 528 1447 607 1480; x_wconf 89' lang='lat' dir='ltr'>haee</span> <span class='ocrx_word' id='word_1_151' title='bbox 633 1459 740 1490; x_wconf 87' lang='lat' dir='ltr'>prosa,</span> <span class='ocrx_word' id='word_1_152' title='bbox 948 1456 1012 1487; x_wconf 86' lang='lat' dir='ltr'>Ora</span> <span class='ocrx_word' id='word_1_153' title='bbox 1040 1456 1158 1489; x_wconf 83' lang='lat' dir='ltr'>fontem</span> <span class='ocrx_word' id='word_1_154' title='bbox 1187 1460 1327 1501; x_wconf 75' lang='lat' dir='ltr'>pietatis,</span> 
     </span>
     <span class='ocr_line' id='line_1_24' title="bbox 251 1491 1419 1550; baseline 0.016 -27"><span class='ocrx_word' id='word_1_155' title='bbox 251 1491 300 1524; x_wconf 91' lang='lat' dir='ltr'>Tu</span> <span class='ocrx_word' id='word_1_156' title='bbox 326 1502 383 1524; x_wconf 90' lang='lat' dir='ltr'>nos</span> <span class='ocrx_word' id='word_1_157' title='bbox 410 1494 539 1545; x_wconf 77' lang='lat' dir='ltr'>Christo</span> <span class='ocrx_word' id='word_1_158' title='bbox 566 1497 618 1528; x_wconf 91' lang='lat' dir='ltr'>die</span> <span class='ocrx_word' id='word_1_159' title='bbox 644 1498 706 1530; x_wconf 89' lang='lat' dir='ltr'>isto</span> <span class='ocrx_word' id='word_1_160' title='bbox 947 1503 988 1535; x_wconf 91' lang='lat' dir='ltr'>Ut</span> <span class='ocrx_word' id='word_1_161' title='bbox 1018 1514 1073 1536; x_wconf 91' lang='lat' dir='ltr'>nos</span> <span class='ocrx_word' id='word_1_162' title='bbox 1099 1516 1209 1538; x_wconf 85' lang='lat' dir='ltr'>omnes</span> <span class='ocrx_word' id='word_1_163' title='bbox 1235 1518 1253 1539; x_wconf 88' lang='lat' dir='ltr'>a</span> <span class='ocrx_word' id='word_1_164' title='bbox 1278 1511 1419 1550; x_wconf 78' lang='lat' dir='ltr'>peccatis</span> 
     </span>
     <span class='ocr_line' id='line_1_25' title="bbox 301 1541 1366 1590; baseline 0.017 -19"><span class='ocrx_word' id='word_1_165' title='bbox 301 1541 484 1574; x_wconf 83' lang='lat' dir='ltr'>Clementer</span> <span class='ocrx_word' id='word_1_166' title='bbox 509 1545 655 1580; x_wconf 87' lang='lat' dir='ltr'>concilia.</span> <span class='ocrx_word' id='word_1_167' title='bbox 994 1553 1131 1586; x_wconf 74' lang='lat' dir='ltr'>Mundet</span> <span class='ocrx_word' id='word_1_168' title='bbox 1161 1557 1237 1587; x_wconf 86' lang='lat' dir='ltr'>data</span> <span class='ocrx_word' id='word_1_169' title='bbox 1264 1559 1366 1590; x_wconf 81' lang='lat' dir='ltr'>venia.</span> 
     </span>
    </p>
   </div>
   <div class='ocr_carea' id='block_1_2' title="bbox 202 1624 1457 1742">
    <p class='ocr_par' dir='ltr' id='par_1_2' title="bbox 202 1624 1457 1742">
     <span class='ocr_line' id='line_1_26' title="bbox 561 1624 1002 1662; baseline 0.014 -7"><span class='ocrx_word' id='word_1_170' title='bbox 561 1624 591 1655; x_wconf 87' lang='grc'>9.</span> <span class='ocrx_word' id='word_1_171' title='bbox 619 1625 723 1657; x_wconf 85' lang='lat' dir='ltr'>Amen</span> <span class='ocrx_word' id='word_1_172' title='bbox 751 1626 861 1659; x_wconf 89' lang='lat' dir='ltr'>dicant</span> <span class='ocrx_word' id='word_1_173' title='bbox 886 1630 1002 1662; x_wconf 79' lang='lat' dir='ltr'>omnia.</span> 
     </span>
     <span class='ocr_line' id='line_1_27' title="bbox 202 1693 1457 1742; baseline 0.018 -23"><span class='ocrx_word' id='word_1_174' title='bbox 202 1693 288 1720; x_wconf 71' lang='lat' dir='ltr'>Miss.</span> <span class='ocrx_word' id='word_1_175' title='bbox 311 1703 363 1722; x_wconf 81' lang='lat' dir='ltr'>ms.</span> <span class='ocrx_word' id='word_1_176' title='bbox 386 1696 564 1726; x_wconf 79' lang='lat' dir='ltr'>stabulense</span> <span class='ocrx_word' id='word_1_177' title='bbox 586 1708 660 1727; x_wconf 85' lang='lat' dir='ltr'>saec.</span> <span class='ocrx_word' id='word_1_178' title='bbox 687 1699 730 1729; x_wconf 83' lang='lat'>15.</span> <span class='ocrx_word' id='word_1_179' title='bbox 752 1702 822 1730; x_wconf 87' lang='lat' dir='ltr'>Cod.</span> <span class='ocrx_word' id='word_1_180' title='bbox 846 1704 1014 1733; x_wconf 79' lang='lat' dir='ltr'>Bruxellen.</span> <span class='ocrx_word' id='word_1_181' title='bbox 1039 1705 1121 1735; x_wconf 63' lang='lat'>1843.</span> <span class='ocrx_word' id='word_1_182' title='bbox 1136 1724 1168 1728; x_wconf 97' lang='lat'><strong>—</strong></span> <span class='ocrx_word' id='word_1_183' title='bbox 1184 1710 1327 1740; x_wconf 73' lang='lat' dir='ltr'>Melodie:</span> <span class='ocrx_word' id='word_1_184' title='bbox 1351 1714 1457 1742; x_wconf 79' lang='lat' dir='ltr'>Mane</span> 
     </span>
    </p>
   </div>
   <div class='ocr_carea' id='block_1_3' title="bbox 119 1731 1458 1815">
    <p class='ocr_par' dir='ltr' id='par_1_3' title="bbox 119 1731 1458 1815">
     <span class='ocr_line' id='line_1_28' title="bbox 119 1731 1458 1789; baseline 0.018 -32"><span class='ocrx_word' id='word_1_185' title='bbox 119 1731 246 1766; x_wconf 87' lang='lat' dir='ltr'>prima</span> <span class='ocrx_word' id='word_1_186' title='bbox 274 1734 438 1762; x_wconf 84' lang='lat' dir='ltr'>sabbati.</span> <span class='ocrx_word' id='word_1_187' title='bbox 462 1750 500 1754; x_wconf 88' lang='lat'>—</span> <span class='ocrx_word' id='word_1_188' title='bbox 521 1735 579 1770; x_wconf 79' lang='lat' dir='ltr'>Ga,</span> <span class='ocrx_word' id='word_1_189' title='bbox 611 1738 622 1765; x_wconf 93' lang='lat'>1</span> <span class='ocrx_word' id='word_1_190' title='bbox 647 1738 819 1768; x_wconf 78' lang='lat' dir='ltr'>stabulaus.</span> <span class='ocrx_word' id='word_1_191' title='bbox 841 1757 878 1760; x_wconf 97' lang='lat'><strong>—</strong></span> <span class='ocrx_word' id='word_1_192' title='bbox 900 1744 943 1770; x_wconf 87' lang='lat' dir='ltr'>Im</span> <span class='ocrx_word' id='word_1_193' title='bbox 968 1746 1092 1782; x_wconf 77' lang='lat' dir='ltr'>iibrigeu</span> <span class='ocrx_word' id='word_1_194' title='bbox 1114 1749 1179 1775; x_wconf 84' lang='lat' dir='ltr'>sind</span> <span class='ocrx_word' id='word_1_195' title='bbox 1202 1751 1278 1778; x_wconf 79' lang='lat' dir='ltr'>viele</span> <span class='ocrx_word' id='word_1_196' title='bbox 1302 1753 1458 1789; x_wconf 69' lang='lat' dir='ltr'>Ankliinge</span> 
     </span>
     <span class='ocr_line' id='line_1_29' title="bbox 119 1770 1125 1815; baseline 0.016 -19"><span class='ocrx_word' id='word_1_197' title='bbox 119 1778 158 1796; x_wconf 82' lang='lat' dir='ltr'>an</span> <span class='ocrx_word' id='word_1_198' title='bbox 179 1770 226 1798; x_wconf 89' lang='lat' dir='ltr'>die</span> <span class='ocrx_word' id='word_1_199' title='bbox 251 1772 386 1808; x_wconf 87' lang='lat' dir='ltr'>Sequenz</span> <span class='ocrx_word' id='word_1_200' title='bbox 416 1775 667 1811; x_wconf 72' lang='lat' dir='ltr'>„Augustinus</span> <span class='ocrx_word' id='word_1_201' title='bbox 695 1779 916 1815; x_wconf 76' lang='lat' dir='ltr'>(Antonius)</span> <span class='ocrx_word' id='word_1_202' title='bbox 943 1783 1125 1812; x_wconf 58' lang='lat' dir='ltr'>humiliss-</span> 
     </span>
    </p>
   </div>
   <div class='ocr_carea' id='block_1_4' title="bbox 477 1919 1095 1961">
    <p class='ocr_par' dir='ltr' id='par_1_4' title="bbox 477 1919 1095 1961">
     <span class='ocr_line' id='line_1_30' title="bbox 477 1919 1095 1961; baseline 0.018 -12"><span class='ocrx_word' id='word_1_203' title='bbox 477 1919 537 1950; x_wconf 78' lang='lat'><strong>281.</strong></span> <span class='ocrx_word' id='word_1_204' title='bbox 579 1919 613 1950; x_wconf 90' lang='lat'>111</span> <span class='ocrx_word' id='word_1_205' title='bbox 636 1920 813 1961; x_wconf 82' lang='lat' dir='ltr'>Adoptione</span> <span class='ocrx_word' id='word_1_206' title='bbox 836 1923 921 1956; x_wconf 84' lang='lat' dir='ltr'>beati</span> <span class='ocrx_word' id='word_1_207' title='bbox 946 1926 1095 1959; x_wconf 80' lang='lat' dir='ltr'>Remacli.</span> 
     </span>
    </p>
   </div>
   <div class='ocr_carea' id='block_1_5' title="bbox 135 2005 1449 2455">
    <p class='ocr_par' dir='ltr' id='par_1_5' title="bbox 135 2005 1449 2455">
     <span class='ocr_line' id='line_1_31' title="bbox 142 2005 1301 2055; baseline 0.015 -17"><span class='ocrx_word' id='word_1_208' title='bbox 142 2005 203 2039; x_wconf 88' lang='lat' dir='ltr'>la.</span> <span class='ocrx_word' id='word_1_209' title='bbox 235 2006 438 2040; x_wconf 86' lang='lat' dir='ltr'>Confessoris</span> <span class='ocrx_word' id='word_1_210' title='bbox 462 2009 577 2050; x_wconf 86' lang='lat' dir='ltr'>incliti,</span> <span class='ocrx_word' id='word_1_211' title='bbox 841 2016 901 2051; x_wconf 94' lang='lat' dir='ltr'>1b.</span> <span class='ocrx_word' id='word_1_212' title='bbox 936 2017 1014 2050; x_wconf 86' lang='lat' dir='ltr'>Voci</span> <span class='ocrx_word' id='word_1_213' title='bbox 1041 2020 1139 2052; x_wconf 86' lang='lat' dir='ltr'>nubat</span> <span class='ocrx_word' id='word_1_214' title='bbox 1166 2023 1301 2055; x_wconf 83' lang='lat' dir='ltr'>animus.</span> 
     </span>
     <span class='ocr_line' id='line_1_32' title="bbox 235 2055 1366 2105; baseline 0.016 -18"><span class='ocrx_word' id='word_1_215' title='bbox 235 2055 352 2088; x_wconf 88' lang='lat' dir='ltr'>Militis</span> <span class='ocrx_word' id='word_1_216' title='bbox 379 2057 505 2090; x_wconf 86' lang='lat' dir='ltr'>emeriti</span> <span class='ocrx_word' id='word_1_217' title='bbox 934 2066 1018 2099; x_wconf 85' lang='lat' dir='ltr'>Dum</span> <span class='ocrx_word' id='word_1_218' title='bbox 1045 2069 1197 2102; x_wconf 82' lang='lat' dir='ltr'>Remaclo</span> <span class='ocrx_word' id='word_1_219' title='bbox 1224 2074 1366 2105; x_wconf 86' lang='lat' dir='ltr'>cauimus</span> 
     </span>
     <span class='ocr_line' id='line_1_33' title="bbox 284 2105 1356 2160; baseline 0.016 -24"><span class='ocrx_word' id='word_1_220' title='bbox 284 2105 477 2138; x_wconf 85' lang='lat' dir='ltr'>Recolamus</span> <span class='ocrx_word' id='word_1_221' title='bbox 504 2106 660 2140; x_wconf 87' lang='lat' dir='ltr'>bravium.</span> <span class='ocrx_word' id='word_1_222' title='bbox 983 2117 1112 2158; x_wconf 84' lang='lat' dir='ltr'>Insigne</span> <span class='ocrx_word' id='word_1_223' title='bbox 1139 2122 1356 2160; x_wconf 86' lang='lat' dir='ltr'>praeconium.</span> 
     </span>
     <span class='ocr_line' id='line_1_34' title="bbox 138 2181 1449 2239; baseline 0.014 -26"><span class='ocrx_word' id='word_1_224' title='bbox 138 2181 199 2214; x_wconf 83' lang='lat' dir='ltr'>2a.</span> <span class='ocrx_word' id='word_1_225' title='bbox 230 2183 260 2214; x_wconf 88' lang='lat' dir='ltr'>A</span> <span class='ocrx_word' id='word_1_226' title='bbox 287 2183 453 2223; x_wconf 88' lang='lat' dir='ltr'>primaevo</span> <span class='ocrx_word' id='word_1_227' title='bbox 479 2185 566 2217; x_wconf 82' lang='lat' dir='ltr'>vitae</span> <span class='ocrx_word' id='word_1_228' title='bbox 591 2184 670 2218; x_wconf 88' lang='lat' dir='ltr'>flore</span> <span class='ocrx_word' id='word_1_229' title='bbox 836 2189 901 2225; x_wconf 84' lang='lat' dir='ltr'>2b.</span> <span class='ocrx_word' id='word_1_230' title='bbox 934 2193 1092 2226; x_wconf 89' lang='lat' dir='ltr'>Mundum</span> <span class='ocrx_word' id='word_1_231' title='bbox 1103 2205 1216 2236; x_wconf 84' lang='lat' dir='ltr'>gerens</span> <span class='ocrx_word' id='word_1_232' title='bbox 1228 2207 1282 2230; x_wconf 87' lang='lat' dir='ltr'>cor</span> <span class='ocrx_word' id='word_1_233' title='bbox 1293 2203 1323 2230; x_wconf 91' lang='lat' dir='ltr'>et</span> <span class='ocrx_word' id='word_1_234' title='bbox 1334 2209 1449 2239; x_wconf 90' lang='lat' dir='ltr'>purum</span> 
     </span>
     <span class='ocr_line' id='line_1_35' title="bbox 233 2229 1408 2286; baseline 0.014 -23"><span class='ocrx_word' id='word_1_235' title='bbox 233 2229 349 2264; x_wconf 83' lang='lat' dir='ltr'>Totam</span> <span class='ocrx_word' id='word_1_236' title='bbox 374 2236 513 2265; x_wconf 89' lang='lat' dir='ltr'>mentem</span> <span class='ocrx_word' id='word_1_237' title='bbox 538 2234 570 2265; x_wconf 91' lang='lat' dir='ltr'>in</span> <span class='ocrx_word' id='word_1_238' title='bbox 597 2243 706 2266; x_wconf 85' lang='lat' dir='ltr'>amore</span> <span class='ocrx_word' id='word_1_239' title='bbox 934 2240 1063 2274; x_wconf 89' lang='lat' dir='ltr'>Florem</span> <span class='ocrx_word' id='word_1_240' title='bbox 1091 2245 1201 2277; x_wconf 89' lang='lat' dir='ltr'>mundi</span> <span class='ocrx_word' id='word_1_241' title='bbox 1230 2247 1408 2286; x_wconf 87' lang='lat' dir='ltr'>periturum</span> 
     </span>
     <span class='ocr_line' id='line_1_36' title="bbox 280 2279 1448 2337; baseline 0.015 -25"><span class='ocrx_word' id='word_1_242' title='bbox 280 2279 401 2313; x_wconf 88' lang='lat' dir='ltr'>Divino</span> <span class='ocrx_word' id='word_1_243' title='bbox 428 2282 612 2321; x_wconf 62' lang='lat' dir='ltr'>constitum</span> <span class='ocrx_word' id='word_1_244' title='bbox 982 2291 1158 2332; x_wconf 83' lang='lat' dir='ltr'>Tamquam</span> <span class='ocrx_word' id='word_1_245' title='bbox 1187 2295 1286 2326; x_wconf 88' lang='lat' dir='ltr'>lutum</span> <span class='ocrx_word' id='word_1_246' title='bbox 1314 2297 1448 2337; x_wconf 87' lang='lat' dir='ltr'>respuit.</span> 
     </span>
     <span class='ocr_line' id='line_1_37' title="bbox 135 2355 1448 2412; baseline 0.014 -24"><span class='ocrx_word' id='word_1_247' title='bbox 135 2355 196 2390; x_wconf 71' lang='lat'><strong>3³..</strong></span> <span class='ocrx_word' id='word_1_248' title='bbox 228 2356 347 2390; x_wconf 67' lang='lat' dir='ltr'>Sancto</span> <span class='ocrx_word' id='word_1_249' title='bbox 375 2359 444 2391; x_wconf 93' lang='lat' dir='ltr'>viro</span> <span class='ocrx_word' id='word_1_250' title='bbox 470 2360 715 2393; x_wconf 87' lang='lat' dir='ltr'>commendatur</span> <span class='ocrx_word' id='word_1_251' title='bbox 832 2365 898 2400; x_wconf 89' lang='lat' dir='ltr'>3b.</span> <span class='ocrx_word' id='word_1_252' title='bbox 934 2366 1071 2411; x_wconf 83' lang='lat' dir='ltr'>Forma,</span> <span class='ocrx_word' id='word_1_253' title='bbox 1101 2371 1221 2412; x_wconf 82' lang='lat' dir='ltr'>stirpe,</span> <span class='ocrx_word' id='word_1_254' title='bbox 1249 2373 1316 2404; x_wconf 87' lang='lat' dir='ltr'>vita</span> <span class='ocrx_word' id='word_1_255' title='bbox 1342 2374 1448 2408; x_wconf 83' lang='lat' dir='ltr'>clarus</span> 
     </span>
     <span class='ocr_line' id='line_1_38' title="bbox 230 2405 1414 2455; baseline 0.014 -17"><span class='ocrx_word' id='word_1_256' title='bbox 230 2405 442 2448; x_wconf 88' lang='lat' dir='ltr'>Moribusque</span> <span class='ocrx_word' id='word_1_257' title='bbox 467 2407 662 2441; x_wconf 85' lang='lat' dir='ltr'>informatur</span> <span class='ocrx_word' id='word_1_258' title='bbox 929 2416 1069 2449; x_wconf 89' lang='lat' dir='ltr'>Habitus</span> <span class='ocrx_word' id='word_1_259' title='bbox 1096 2423 1143 2450; x_wconf 90' lang='lat' dir='ltr'>est</span> <span class='ocrx_word' id='word_1_260' title='bbox 1171 2421 1294 2453; x_wconf 86' lang='lat' dir='ltr'>cunctis</span> <span class='ocrx_word' id='word_1_261' title='bbox 1321 2432 1414 2455; x_wconf 88' lang='lat' dir='ltr'>carus</span> 
     </span>
    </p>
   </div>
   <div class='ocr_carea' id='block_1_6' title="bbox 278 2453 1285 2508">
    <p class='ocr_par' dir='ltr' id='par_1_6' title="bbox 278 2453 1285 2508">
     <span class='ocr_line' id='line_1_39' title="bbox 278 2453 1285 2508; baseline 0.014 -20"><span class='ocrx_word' id='word_1_262' title='bbox 278 2453 416 2489; x_wconf 81' lang='lat' dir='ltr'>Sanctus</span> <span class='ocrx_word' id='word_1_263' title='bbox 444 2456 485 2490; x_wconf 83' lang='lat' dir='ltr'>ab</span> <span class='ocrx_word' id='word_1_264' title='bbox 509 2457 633 2500; x_wconf 76' lang='lat' dir='ltr'>Eligi03</span> <span class='ocrx_word' id='word_1_265' title='bbox 980 2465 1016 2497; x_wconf 89' lang='lat' dir='ltr'>In</span> <span class='ocrx_word' id='word_1_266' title='bbox 1044 2467 1128 2508; x_wconf 85' lang='lat' dir='ltr'>regis</span> <span class='ocrx_word' id='word_1_267' title='bbox 1153 2468 1285 2508; x_wconf 88' lang='lat' dir='ltr'>palatio.</span> 
     </span>
    </p>
   </div>
  </div>
 </body>
</html>
