1655 2713
683 178 726 182 —
780 157 845 193 187
896 178 942 182 -—

593 297 662 328 206.
705 297 746 329 De
767 300 875 331 sancto
896 299 1026 331 Lazaro.

166 402 181 433 1
196 409 224 433 a.
257 401 347 433 Inter
373 403 455 435 mira
479 405 652 438 salvatoris

311 449 409 491 Signa
436 455 466 483 et
493 453 643 494 prodigia

166 555 224 587 2a.
256 555 328 587 Hac
351 556 384 587 in
408 565 515 595 carne,
545 558 604 590 hac
623 560 654 590 in
673 564 779 592 mente

869 408 930 442 1b.

262 603 324 635 Per
348 603 504 636 Messiam
531 612 719 647 resurgente

312 650 518 685 Suscitantur
543 659 687 696 pectora,

169 758 229 791 3a.
262 758 291 789 A
318 757 457 798 benigno
483 758 646 791 salvatore

265 805 476 838 Suscitandus
501 816 521 838 a
547 816 662 847 sopore

865 762 927 795 3b.

311 854 371 886 Est
399 854 538 887 dilectus
563 856 716 898 Lazarus,

164 962 224 992 4a.
258 959 326 998 Quo
353 960 465 992 audito
491 961 560 993 illic
586 962 714 1004 mansit,

262 1007 326 1040 Sed
345 1009 386 1040 ad
406 1008 480 1040 illas
498 1013 570 1049 post
590 1009 669 1041 haec
683 1010 802 1042 transit

308 1055 466 1088 Lazarum
493 1066 527 1089 se
555 1057 742 1098 diligentem

306 1103 460 1136 Excitare
487 1105 720 1149 dormientem,

162 1213 224 1244 5³.

255 1211 350 1249 Hine,
379 1212 487 1244 Maria
514 1213 589 1244 dum
616 1214 732 1246 adorat

259 1259 302 1291 Et
328 1264 464 1300 utraque
488 1270 580 1292 soror
605 1261 713 1301 plorat

305 1308 434 1340 Turbae
462 1317 533 1340 cum
561 1309 753 1350 frequentia,

161 1415 222 1447 6a.
256 1413 335 1445 Inde
362 1414 445 1454 lapis
472 1415 608 1453 tollitur,

256 1462 406 1494 Mortuus
433 1463 610 1502 egreditur,

261 1510 394 1550 Ligatus
419 1511 600 1543 absolvitur

312 1558 435 1591 Christi
461 1559 503 1591 ad
529 1559 675 1600 imperia.

167 1666 225 1698 7a.

258 1665 322 1697 Per
348 1665 434 1698 hunc
457 1666 549 1698 multi
568 1666 781 1699 crediderunt

866 1416 929 1451 61).

259 1713 304 1745 Et
331 1713 494 1746 credendo
520 1715 717 1756 revixerunt,

262 1762 434 1802 Ceterique
459 1767 675 1795 convenerunt

681 1789 688 1803 5

311 1810 354 1843 Ut
380 1811 527 1843 viderent
554 1811 724 1845 Lazarum.

197 1955 225 1979 a.

167 1947 186 1980 8
261 1995 454 2028 Sacerdotes
480 2000 511 2027 et
539 1996 650 2028 Iudaei

257 1947 302 1979 At
327 1946 454 1979 scribac
481 1950 513 1979 et
538 1947 712 1989 pharisaei,

801 1986 803 1988 v
863 1948 925 1982 8b.

262 2043 453 2085 Cogitamnt
478 2049 624 2076 sanctum
651 2045 712 2077 Dei

307 2093 334 2125 T
337 2093 488 2125 rucidare
514 2093 683 2128 Lazarum.

163 2200 226 2232 9a.

259 2248 369 2281 Prima
396 2248 634 2280 resurrectione

308 2296 358 2329 De
383 2297 470 2329 intus
496 2295 624 2329 vivifica

258 2197 324 2231 Per
334 2199 419 2232 hunc
429 2209 487 2232 nos
498 2209 592 2240 nunc,
604 2206 717 2240 pastor
727 2199 820 2242 bone,
861 2200 882 2233 9
893 2200 924 2234 b.

865 561 925 594 2b.

864 963 926 996 4b.

868 1213 932 1248 5b.

867 1667 930 1701 7b.

962 409 1078 442 Lazari
1105 415 1201 450 atque
1227 410 1346 442 sororis

1013 457 1106 490 Salus
1133 463 1182 490 est
1207 458 1346 498 egregia.

962 562 1003 594 Ut
1029 563 1070 594 ad
1098 564 1225 595 laudem
1253 564 1429 596 conditoris

959 609 1001 641 Et
1029 611 1070 642 ad
1098 612 1182 643 vitae
1209 612 1378 643 sanctioris

1009 658 1245 699 Consurgamus
1269 669 1379 700 opera.

959 763 1017 802 Qui
1037 764 1269 804 transmigrans
1285 765 1476 797 Gallilaeam

961 811 1121 843 Invitatur
1146 812 1187 844 ad
1215 813 1367 844 Iudaeam

1008 860 1037 890 A
1064 860 1185 891 sanctis
1211 861 1385 893 sororibus.

962 964 1033 995 Etsi
1064 964 1192 1003 dormit,
1220 965 1328 996 salvus
1355 966 1426 1004 erit,

959 1011 1088 1043 Etenim
1112 1022 1256 1044 somnum
1276 1022 1310 1044 re
1329 1014 1474 1053 quaerit,

1008 1060 1084 1099 Sed,
1111 1070 1130 1091 a
1154 1061 1227 1092 Iesu
1254 1061 1327 1092 dum
1355 1062 1474 1101 aditur,

1006 1109 1075 1139 Iam
1104 1107 1274 1141 defunctus
1301 1110 1475 1143 iuvenitur.

963 1214 1087 1246 Fremit
1114 1216 1202 1247 Iesus
1229 1222 1261 1247 et
1286 1216 1436 1248 turbatur

960 1264 1068 1303 Atque
1095 1273 1201 1296 eoram
1228 1264 1416 1297 lacrimatur

1008 1313 1049 1344 Et
1075 1313 1193 1344 amoris
1215 1313 1329 1352 gratia.

962 1417 998 1448 111
1025 1426 1115 1457 spem
1142 1419 1374 1457 paenitentium

963 1466 992 1497 A
1019 1466 1115 1497 sorde
1142 1466 1329 1498 foetentium

963 1514 1053 1546 Unus
1079 1514 1348 1546 discumbentium

1010 1562 1039 1593 lt
1066 1563 1156 1594 Iesus
1182 1563 1223 1595 ad
1250 1564 1397 1603 prandia.

964 1669 1102 1708 Propter
1137 1670 1261 1709 signum
1299 1670 1357 1701 hoc
1384 1679 1476 1711 prae-

1187 1718 1310 1750 clarum

961 1765 1090 1798 Turbae
1116 1767 1337 1798 Israelitarum

960 1814 1115 1854 Acceptis
1142 1815 1239 1846 ramis
1266 1816 1445 1855 palmarum

1010 1863 1221 1903 Exceperunt
1247 1863 1431 1897 Dominum.

960 1948 1024 1981 Sed
1052 1954 1105 1990 tu,
1140 1949 1244 1983 factor
1270 1952 1477 1994 protoplasti,

959 1998 1046 2037 Quae
1055 2008 1115 2030 non
1123 2004 1226 2038 erant,
1236 2001 1289 2040 qui
1297 2001 1477 2040 plasmasti,

960 2047 1074 2079 Posses
1087 2048 1180 2089 hunc,
1195 2057 1288 2088 quem
1300 2050 1476 2087 suscitasti,

1007 2095 1172 2128 Suscitare
1198 2097 1324 2130 iterum.

956 2202 998 2233 Et
1034 2203 1176 2234 secunda
1206 2207 1279 2244 post
1306 2207 1476 2244 utrumque

961 2250 1086 2290 Corpus
1104 2255 1249 2282 nostrum
1264 2252 1477 2292 spiritumque

1009 2298 1154 2338 Superne
1179 2299 1335 2339 glorifica.

216 2403 300 2432 Miss.
328 2413 382 2431 ms.
406 2403 561 2432 Aeduense
589 2411 665 2431 saec.
699 2400 743 2430 12.
767 2402 838 2431 eod.
860 2403 971 2431 Semin.
992 2403 1124 2431 Aeduen.
1155 2402 1219 2433 125.
1242 2405 1307 2432 add.
1331 2414 1407 2433 saec.
1432 2406 1475 2434 14.

140 2442 176 2469 A.
196 2457 233 2462 —
255 2443 339 2471 Miss.
368 2451 422 2471 ms.
444 2442 600 2470 Aeduense
625 2450 702 2469 saec.
726 2439 769 2469 15.
792 2441 863 2470 Cod.
887 2441 996 2471 Semin.
1020 2443 1150 2471 Aeduen.
1177 2442 1238 2471 131.
1262 2445 1293 2471 B.
1315 2459 1350 2462 —
1370 2443 1430 2478 4b‚
1459 2444 1477 2473 2

138 2480 229 2509 Enim
249 2479 322 2517 AB;
344 2490 492 2510 summum
514 2482 557 2517 A3
579 2481 710 2518 requerit
729 2481 791 2508 AB.
812 2495 849 2500 —
871 2479 923 2516 8a,
948 2480 961 2509 1
983 2481 1035 2509 Ac.
1058 2482 1091 2510 B.
