1655 2713
734 157 991 191 -222—

234 255 292 284 4a.
325 254 360 284 In
389 253 557 284 draconem
578 252 833 293 transformatus,
918 254 980 286 4b.
1013 255 1110 295 Signo
1142 257 1245 288 crucis
1277 258 1334 290 sed
1360 263 1526 298 protectus

329 301 465 332 Vomens
493 302 623 332 daemon
641 301 722 340 iguis
741 300 834 334 flatus
1013 302 1148 335 Sanctus
1165 305 1270 345 signat
1287 315 1378 338 suum
1397 311 1521 346 pectuS,
1566 345 1576 351 η

374 349 547 380 Exterrere
574 349 690 390 voluit3
1060 351 1102 383 Et
1133 351 1229 384 draco
1256 353 1427 394 disparuit.

231 437 289 466 5a.
320 435 431 466 Fictae
457 435 545 465 navis
568 439 655 466 notat
675 434 830 475 fraudem,
916 436 978 469 5b.
1010 436 1154 470 Infinitos
1180 443 1225 470 tot
1252 438 1419 472 conflictus

324 481 465 513 Daemon
490 483 517 512 ei
538 482 611 512 dum
631 483 686 513 dat
704 483 830 514 laudem
1010 484 1129 516 Christi
1162 487 1252 518 miles
1285 486 1347 519 fert
1373 489 1520 532 invictus,

371 529 406 560 In
440 530 575 561 humana
601 531 715 569 specie.
1060 533 1197 573 Superat
1223 536 1358 576 egregie.

230 616 288 647 fia.
321 615 399 646 Eius
425 620 497 646 nota
523 617 691 647 sanctitate
914 618 976 651 6b.
1010 618 1211 652 Reformidat
1238 626 1348 660 pastor
1375 623 1473 655 bonus

323 663 357 693 ln
390 663 523 702 Regensi
551 664 680 695 civitate
1007 667 1130 699 Tantae
1159 669 1323 710 dignitatis
1350 679 1439 711 onus,

372 710 517 742 Pontifex
545 711 689 751 eligitur:
1056 714 1119 746 Sed
1145 717 1264 748 invitus
1292 718 1438 751 trahitur.

230 795 286 825 7a.
319 795 449 826 Morbos
485 801 575 827 sanat
606 802 635 827 et
663 798 829 837 languores
916 799 976 832 7b.
1009 801 1110 832 Prc'ce
1137 807 1225 834 curat
1252 804 1422 845 sauciatos,

323 842 364 873 Et
395 842 545 876 informat
573 845 668 875 bonos
696 854 797 876 mores
1007 848 1147 880 suscitat
1179 854 1244 881 tres
1271 853 1364 883 morti
1392 854 1494 894 «latos,

370 892 547 922 t'oruscaiis
571 892 744 925 miraculis,
1058 897 1165 928 Visum
1194 899 1301 930 reddit
1327 901 1439 933 oculis.

228 975 286 1007 8a.
319 976 413 1007 Flatu
444 986 499 1008 suo
527 978 612 1008 canis
639 979 732 1018 perit,
913 981 976 1015 8b,
1011 983 1145 1023 Propter
1164 984 1278 1016 famant
1294 990 1340 1017 tot
1355 986 1514 1025 signorum

322 1023 429 1056 Sonat„
448 1033 540 1064 quern
559 1025 614 1056 bos
629 1035 728 1058 cornu
743 1025 827 1066 ferit,
1008 1029 1061 1060 Fit
1088 1039 1258 1064 concursus
1283 1033 1481 1066 intirmorum

369 1071 470 1103 Tactu
495 1082 604 1104 manus
631 1074 790 1113 propriae.
1053 1078 1164 1110 Totius
1191 1081 1386 1119 provinciae.

227 1156 286 1187 9a.
318 1156 394 1187 Cum
422 1157 467 1188 sic
493 1158 559 1188 eius
586 1157 669 1189 t'atna
693 1164 826 1198 crescat,
914 1161 976 1193 tib.
1008 1162 1140 1194 Terram
1167 1165 1247 1204 petit
1272 1166 1482 1208 Morinorum,

321 1203 407 1235 Vana
438 1205 532 1237 laude
558 1215 591 1236 re
617 1211 769 1238 tumescat
1011 1209 1058 1241 Ibi
1086 1212 1211 1250 migrat,
1239 1214 1422 1253 angelorum

369 1252 503 1283 Exsulat
532 1262 550 1283 a
577 1254 691 1292 patria.
1054 1258 1182 1290 Transit
1209 1261 1249 1291 ad
1277 1264 1446 1295 consortia.

206 1336 287 1367 10a.
319 1337 356 1368 ln
383 1338 510 1369 excelso
537 1339 604 1369 laus
630 1340 769 1381 auditur,
891 1342 974 1375 lob.
1006 1343 1083 1375 Mox
1109 1355 1127 1375 a
1155 1345 1240 1377 clero
1267 1348 1463 1382 convenitur.

320 1385 386 1415 Aer
415 1386 518 1416 vernis
544 1386 713 1425 insignitur
1009 1390 1144 1423 Sanctus
1170 1394 1299 1432 praesul
1325 1397 1483 1434 sepelitur

371 1432 547 1472 Respersus
573 1434 735 1466 odoribus.
1057 1439 1134 1471 Cum
1163 1442 1266 1481 dignis
1293 1442 1479 1478 honoribus,

204 1516 242 1546 11
259 1525 286 1547 a.
320 1517 455 1554 Quidam
470 1522 561 1556 pater
575 1518 652 1549 flens
667 1526 828 1560 precatur,
891 1523 930 1554 11
946 1522 975 1554 b.
1007 1523 1132 1564 Tangit,
1160 1526 1267 1557 statim
1294 1529 1479 1569 suscitatur,

321 1564 428 1595 Sancti
456 1573 570 1604 corpus
596 1571 629 1597 ut
656 1571 805 1607 tangatur
1010 1572 1112 1603 Patris
1146 1573 1293 1613 planctus
1330 1578 1521 1610 terminatur

366 1613 393 1643 A
423 1612 572 1644 defuncta
598 1613 683 1653 filia;
1055 1619 1236 1660 Absorptus
1262 1622 1396 1656 laetitia.

203 1696 244 1727 12
258 1705 286 1728 a.
319 1697 343 1728 O
371 1702 416 1728 tot
443 1699 569 1737 praesul
597 1701 791 1739 meritorum,
888 1704 930 1735 12
943 1703 972 1737 b.
1005 1704 1114 1736 Mores
1140 1711 1265 1739 nostros
1288 1709 1334 1739 sic
1353 1719 1521 1751 compone,

318 1744 410 1775 Hunc
425 1746 612 1784 psallentem
627 1747 684 1778 tibi
696 1748 823 1780 chorum
1006 1751 1047 1784 Ut
1076 1753 1107 1784 in
1134 1758 1207 1785 actu
1234 1756 1284 1787 vel
1310 1766 1456 1790 sermone

366 1792 492 1825 Christo
519 1795 708 1833 reconcilia;
1052 1800 1123 1832 Non
1150 1802 1325 1843 subrepant
1351 1806 1438 1840 vitia.

274 1876 356 1902 Miss.
379 1877 544 1905 Moritwnsc
568 1881 637 1914 imp.
661 1880 836 1917 Rothoinagi
860 1882 940 1910 1516.
957 1885 989 1911 A.
1006 1899 1042 1902 —
1057 1886 1139 1912 Miss.
1162 1888 1329 1916 Morinense
1350 1891 1418 1926 inip-
1439 1893 1520 1919 Pari-

200 1915 252 1941 siis
284 1913 364 1941 1518.
396 1916 427 1941 B.
448 1930 480 1934 —
505 1917 586 1943 Miss.
610 1919 777 1946 Moriuense
805 1921 873 1956 imp.
902 1922 1079 1959 Rotlioniagi
1104 1923 1182 1952 1523.
1206 1928 1237 1954 C.
1259 1942 1295 1946 —
1317 1927 1371 1960 4b,
1393 1928 1411 1956 ¹2
1434 1932 1520 1966 sigua

198 1952 232 1978 A.
254 1967 290 1969 —-
311 1952 365 1984 51),
389 1952 406 1979 2
427 1955 509 1981 miles
533 1957 589 1982 eris
611 1958 737 1984 invictus
760 1959 793 1984 A.

488 2086 556 2115 248.
598 2086 629 2117 ln
653 2087 834 2120 Inventione
855 2098 880 2121 s.
903 2090 1026 2123 Maximi
1048 2093 1222 2134 Regiensis,

198 2163 214 2195 1
227 2174 255 2196 a.
289 2164 392 2204 Plebs,
407 2165 721 2207 adlaudesprompta
729 2169 857 2209 plaude,
887 2172 902 2203 1
917 2171 947 2204 b.
982 2174 1043 2205 Per
1056 2184 1147 2214 quem
1162 2183 1285 2216 patrem
1301 2185 1331 2211 et
1344 2186 1514 2221 patronum

292 2211 394 2252 Digne
419 2213 514 2245 lauda
540 2215 671 2257 dignum
699 2217 793 2249 laude
981 2222 1151 2256 Possidere
1177 2227 1280 2265 possis
1308 2228 1456 2261 thronum

338 2261 427 2292 Inter
453 2271 582 2303 magnos
608 2263 794 2305 Maximum,
1030 2271 1122 2303 Vitae
1148 2273 1390 2309 lucidissimum.

200 2347 258 2378 2³.
291 2346 337 2377 Te
365 2347 515 2380 virtutum
541 2349 595 2382 lux
621 2353 786 2392 accendat,
887 2355 950 2390 2b.
982 2358 1067 2389 Anni
1093 2360 1177 2400 novi,
1205 2362 1262 2394 sed
1288 2373 1444 2404 annorum

295 2394 335 2427 Ut
349 2397 561 2436 commendes,
573 2408 663 2438 quem
675 2402 877 2434 commendat
984 2405 1166 2439 Novitatem
1193 2410 1273 2443 mira
1299 2422 1423 2446 morum

341 2443 601 2479 Commendauda
631 2448 755 2481 novitas
1031 2454 1172 2497 Castigat
1199 2461 1378 2495 maturitas.
