1655 2713
729 152 964 187 -46-

653 294 701 326 43.
743 293 784 324 De
805 293 917 324 sancta
938 292 1036 323 Anna.

213 387 271 419 la.
301 386 353 418 Ad
381 386 517 417 caeleste
549 385 724 425 praemium

305 433 451 473 Suspiret
476 442 530 464 cor
556 432 696 464 fidelium

352 482 430 514 Cum
457 480 570 512 affectu
595 480 712 520 nimio;

211 577 269 608 2a.
307 577 370 607 Vas
396 576 506 607 odoris

303 624 346 655 Et
372 624 504 663 pudoris

355 671 553 702 Praesidium

352 719 511 750 Fmffimm

400 766 539 798 Salutem
567 765 715 799 obtinuit.

209 863 268 895 Sa.
304 861 409 893 Decus
435 869 510 900 ergo
537 862 667 900 regium,

304 909 465 940 Virtutum
487 909 654 947 collegium

351 956 439 988 Tulit
465 956 604 997 dignum,

212 1053 271 1083 4a.
307 1051 414 1083 Mater
439 1052 549 1083 matris
576 1051 706 1091 Christi,

304 1099 460 1130 Praesens
487 1099 530 1129 sis
556 1100 672 1130 mundo
698 1099 794 1139 tristi,

304 1147 408 1185 Anna,
435 1151 469 1177 tu
496 1146 583 1177 fuisti

351 1194 525 1227 Benedicta
537 1205 544 1232 ;

209 1289 268 1321 5a.
303 1288 430 1320 Imbuta
456 1288 586 1328 gratiae,

304 1336 362 1373 Tu,
390 1340 491 1366 mater
517 1336 649 1373 Mariae,

352 1382 489 1414 Purifica
512 1383 610 1414 corda
635 1383 786 1425 fidelium,

207 1480 269 1511 Ga.
301 1480 404 1514 Anna,
432 1481 552 1517 sancta,
579 1478 746 1510 sublevata

304 1526 399 1557 Caelo
425 1526 487 1556 iam
514 1524 615 1566 fulges
644 1526 745 1564 beata,

302 1574 380 1605 Esto
407 1573 499 1604 nobis
527 1574 577 1605 via
603 1578 695 1613 grata

349 1621 401 1653 Ad
428 1621 507 1653 caeli
533 1621 665 1662 palatia.

874 382 936 416 lb.

874 575 936 608 2b.

873 861 936 894 3b.

875 1051 934 1085 4b.

870 1289 934 1322 5b.

867 1479 928 1512 6b.

257 1714 339 1741 Miss.
360 1714 551 1741 Xantonense
576 1715 645 1750 imp.
667 1714 792 1741 Parisiis
815 1713 896 1742 1491.

972 382 1177 415 Theothecae
1201 382 1339 414 honesta

968 430 1088 463 Christi
1114 431 1230 462 chorus
1258 429 1377 470 psallat
1400 427 1484 462 festa

1016 479 1092 511 Cum
1119 479 1253 519 pudoris
1279 478 1359 511 lilio.

972 575 1063 606 Haec
1085 574 1202 606 claruit

968 623 1011 654 Et
1037 623 1168 662 placuit,

1016 670 1203 707 Dividebat„

1015 718 1187 757 offerebat,

1063 766 1237 798 Caritatem
1264 766 1377 799 tenuit.

972 863 1137 904 Fructum,
1167 863 1198 894 in
1226 871 1288 902 quo
1312 861 1434 893 residet

968 910 1132 951 Dominus,
1159 911 1212 949 qui
1239 909 1386 949 providet

1015 957 1086 989 Hoc
1114 958 1293 997 benignum.

972 1054 1016 1085 Es
1042 1057 1144 1084 mater
1169 1053 1308 1092 sapiens,

968 1100 1090 1132 Lumen
1120 1101 1307 1132 indeficiens

970 1148 1075 1179 Solem
1103 1153 1135 1179 et
1160 1149 1300 1188 pariens,

1015 1197 1110 1227 Anna
1137 1196 1233 1228 dicta.

969 1291 1156 1322 Concedens
1182 1290 1278 1322 beata

965 1337 1105 1377 Cunctis,
1131 1339 1226 1370 Anna
1252 1342 1353 1378 grata,

1011 1385 1137 1417 Gaudia
1153 1395 1362 1426 supernorum
1375 1387 1502 1419 civium.

965 1482 1069 1519 Anna,
1098 1490 1214 1521 parens
1241 1482 1352 1513 matris
1380 1481 1451 1524 Dei,

962 1528 1029 1559 Fac
1054 1538 1110 1559 nos
1138 1530 1251 1569 dignos
1279 1529 1372 1561 faciei

962 1577 1092 1617 Christi,
1119 1578 1302 1616 placeamus
1328 1579 1357 1609 ei

1010 1625 1046 1656 In
1075 1626 1206 1656 caelesti
1231 1626 1349 1665 patria.

545 1863 594 1894 44.
635 1864 678 1894 De
700 1873 723 1895 s.
745 1864 898 1896 Antonino
919 1866 1110 1898 Placentino.

637 1964 667 1997 1.
706 1964 822 1996 Omnes
848 1965 1045 1998 celebremus

705 2014 856 2053 martyris
882 2014 936 2053 pia
961 2015 1087 2054 gaudia,

203 2107 262 2138 2a.
298 2105 393 2137 Cuius
417 2105 528 2137 inclita
553 2110 685 2147 tropaea

294 2154 386 2185 nobis
413 2153 545 2194 fulgent,

295 2206 386 2241 patet
411 2207 441 2233 et
468 2202 588 2234 Christi
614 2203 729 2242 gratia.

198 2299 258 2331 32.
295 2297 454 2338 Sanguine
479 2298 611 2338 proprio

293 2353 401 2385 postes
428 2350 552 2378 nostros

293 2395 486 2426 consecrasti

293 2445 391 2474 temet
417 2443 566 2475 donando
592 2442 739 2478 hostiam.

866 2109 927 2144 2b.

865 2300 927 2334 3b.

962 2109 1103 2142 Mundus
1128 2113 1278 2146 tenebras
1307 2115 1430 2149 decutit

960 2156 1054 2190 factis
1079 2159 1181 2202 huius,

959 2206 1006 2237 sic
1031 2209 1156 2247 spernit
1181 2214 1213 2240 et
1239 2211 1406 2246 idolatras,

962 2301 1106 2334 Horrida
1131 2305 1252 2336 saeculi

959 2355 1189 2390 temptamenta

958 2401 992 2429 tu
1018 2400 1181 2440 sprevisti,

960 2446 1067 2479 dulcia
1091 2449 1186 2480 simul
1212 2452 1338 2490 pocula.
