<?xml version="1.0" encoding="UTF-8"?>
<!DOCTYPE html PUBLIC "-//W3C//DTD XHTML 1.0 Transitional//EN"
    "http://www.w3.org/TR/xhtml1/DTD/xhtml1-transitional.dtd">
<html xmlns="http://www.w3.org/1999/xhtml" xml:lang="en" lang="en">
 <head>
  <title>
</title>
<meta http-equiv="Content-Type" content="text/html;charset=utf-8" />
  <meta name='ocr-system' content='tesseract 3.04.00' />
  <meta name='ocr-capabilities' content='ocr_page ocr_carea ocr_par ocr_line ocrx_word'/>
</head>
<body>
  <div class='ocr_page' id='page_1' title='image "./analectahymnica44drevuoft_0144.png"; bbox 0 0 1655 2713; ppageno 0'>
   <div class='ocr_carea' id='block_1_1' title="bbox 657 155 922 189">
    <p class='ocr_par' dir='ltr' id='par_1_1' title="bbox 657 155 922 189">
     <span class='ocr_line' id='line_1_1' title="bbox 657 155 922 189; baseline -0.011 1"><span class='ocrx_word' id='word_1_1' title='bbox 657 155 922 189; x_wconf 90' lang='lat'>—141—</span> 
     </span>
    </p>
   </div>
   <div class='ocr_carea' id='block_1_2' title="bbox 141 250 660 437">
    <p class='ocr_par' dir='ltr' id='par_1_2' title="bbox 141 250 660 437">
     <span class='ocr_line' id='line_1_2' title="bbox 141 250 660 294; baseline 0.004 -12"><span class='ocrx_word' id='word_1_2' title='bbox 141 250 204 283; x_wconf 84' lang='lat' dir='ltr'><strong>5a.</strong></span> <span class='ocrx_word' id='word_1_3' title='bbox 236 250 308 282; x_wconf 90' lang='lat' dir='ltr'><strong>Hoc</strong></span> <span class='ocrx_word' id='word_1_4' title='bbox 333 259 419 284; x_wconf 86' lang='lat' dir='ltr'><strong>nunc</strong></span> <span class='ocrx_word' id='word_1_5' title='bbox 447 250 508 294; x_wconf 89' lang='lat' dir='ltr'><strong>[te]</strong></span> <span class='ocrx_word' id='word_1_6' title='bbox 535 251 660 293; x_wconf 82' lang='lat' dir='ltr'><strong>flagitat</strong></span> 
     </span>
     <span class='ocr_line' id='line_1_3' title="bbox 240 297 545 338; baseline 0.01 -9"><span class='ocrx_word' id='word_1_7' title='bbox 240 297 393 338; x_wconf 86' lang='lat' dir='ltr'><strong>precibus</strong></span> <span class='ocrx_word' id='word_1_8' title='bbox 419 300 545 338; x_wconf 86' lang='lat' dir='ltr'><strong>annuis,</strong></span> 
     </span>
     <span class='ocr_line' id='line_1_4' title="bbox 239 347 580 380; baseline 0.006 -2"><span class='ocrx_word' id='word_1_9' title='bbox 239 347 330 378; x_wconf 92' lang='lat' dir='ltr'><strong>cuius</strong></span> <span class='ocrx_word' id='word_1_10' title='bbox 355 356 413 379; x_wconf 86' lang='lat' dir='ltr'><strong>nos</strong></span> <span class='ocrx_word' id='word_1_11' title='bbox 440 348 580 380; x_wconf 87' lang='lat' dir='ltr'><strong>transitu</strong></span> 
     </span>
     <span class='ocr_line' id='line_1_5' title="bbox 238 395 545 437; baseline 0.003 -11"><span class='ocrx_word' id='word_1_12' title='bbox 238 403 324 426; x_wconf 88' lang='lat' dir='ltr'><strong>nunc</strong></span> <span class='ocrx_word' id='word_1_13' title='bbox 349 395 545 437; x_wconf 78' lang='lat' dir='ltr'><strong>gaudemus3</strong></span> 
     </span>
    </p>
   </div>
   <div class='ocr_carea' id='block_1_3' title="bbox 145 490 580 581">
    <p class='ocr_par' dir='ltr' id='par_1_3' title="bbox 145 490 580 581">
     <span class='ocr_line' id='line_1_6' title="bbox 145 490 580 531; baseline -0.002 -7"><span class='ocrx_word' id='word_1_14' title='bbox 145 491 205 525; x_wconf 66' lang='lat'><strong>62.</strong></span> <span class='ocrx_word' id='word_1_15' title='bbox 237 490 356 523; x_wconf 78' lang='lat' dir='ltr'><strong>Sancte</strong></span> <span class='ocrx_word' id='word_1_16' title='bbox 383 491 580 531; x_wconf 84' lang='lat' dir='ltr'><strong>Glodulphe‚</strong></span> 
     </span>
     <span class='ocr_line' id='line_1_7' title="bbox 237 539 529 581; baseline 0 -11"><span class='ocrx_word' id='word_1_17' title='bbox 237 542 402 581; x_wconf 78' lang='lat' dir='ltr'><strong>pastorem</strong></span> <span class='ocrx_word' id='word_1_18' title='bbox 429 539 529 576; x_wconf 83' lang='lat' dir='ltr'><strong>salva,</strong></span> 
     </span>
    </p>
   </div>
   <div class='ocr_carea' id='block_1_4' title="bbox 237 588 753 628">
    <p class='ocr_par' dir='ltr' id='par_1_4' title="bbox 237 588 753 628">
     <span class='ocr_line' id='line_1_8' title="bbox 237 588 753 628; baseline 0.002 -10"><span class='ocrx_word' id='word_1_19' title='bbox 237 596 366 628; x_wconf 83' lang='lat' dir='ltr'>gregem</span> <span class='ocrx_word' id='word_1_20' title='bbox 396 596 571 622; x_wconf 82' lang='lat' dir='ltr'><strong>conserva.</strong></span> <span class='ocrx_word' id='word_1_21' title='bbox 602 588 753 628; x_wconf 90' lang='lat' dir='ltr'><strong>populum</strong></span> 
     </span>
    </p>
   </div>
   <div class='ocr_carea' id='block_1_5' title="bbox 237 635 383 676">
    <p class='ocr_par' dir='ltr' id='par_1_5' title="bbox 237 635 383 676">
     <span class='ocr_line' id='line_1_9' title="bbox 237 635 383 676; baseline -0.007 -9"><span class='ocrx_word' id='word_1_22' title='bbox 237 635 383 676; x_wconf 88' lang='lat' dir='ltr'><strong>emenda,</strong></span> 
     </span>
    </p>
   </div>
   <div class='ocr_carea' id='block_1_6' title="bbox 145 731 616 919">
    <p class='ocr_par' dir='ltr' id='par_1_6' title="bbox 145 731 616 919">
     <span class='ocr_line' id='line_1_10' title="bbox 145 731 566 766; baseline -0.005 0"><span class='ocrx_word' id='word_1_23' title='bbox 145 733 204 766; x_wconf 71' lang='lat'><strong>78.</strong></span> <span class='ocrx_word' id='word_1_24' title='bbox 234 732 283 764; x_wconf 92' lang='lat' dir='ltr'><strong>Tu</strong></span> <span class='ocrx_word' id='word_1_25' title='bbox 308 741 366 763; x_wconf 90' lang='lat' dir='ltr'><strong>nos</strong></span> <span class='ocrx_word' id='word_1_26' title='bbox 393 731 566 765; x_wconf 88' lang='lat' dir='ltr'><strong>monachos</strong></span> 
     </span>
     <span class='ocr_line' id='line_1_11' title="bbox 237 779 537 821; baseline 0 -10"><span class='ocrx_word' id='word_1_27' title='bbox 237 779 389 821; x_wconf 85' lang='lat' dir='ltr'><strong>precibus</strong></span> <span class='ocrx_word' id='word_1_28' title='bbox 416 779 537 820; x_wconf 87' lang='lat' dir='ltr'><strong>foveas,</strong></span> 
     </span>
     <span class='ocr_line' id='line_1_12' title="bbox 237 828 464 868; baseline -0.004 -8"><span class='ocrx_word' id='word_1_29' title='bbox 237 828 358 861; x_wconf 85' lang='lat' dir='ltr'><strong>sanctis</strong></span> <span class='ocrx_word' id='word_1_30' title='bbox 384 837 464 868; x_wconf 90' lang='lat' dir='ltr'><strong>quos</strong></span> 
     </span>
     <span class='ocr_line' id='line_1_13' title="bbox 239 873 616 919; baseline 0 -11"><span class='ocrx_word' id='word_1_31' title='bbox 239 876 364 909; x_wconf 87' lang='lat' dir='ltr'><strong>ossibus</strong></span> <span class='ocrx_word' id='word_1_32' title='bbox 392 873 483 919; x_wconf 87' lang='lat' dir='ltr'><strong>[tuis]</strong></span> <span class='ocrx_word' id='word_1_33' title='bbox 509 885 616 909; x_wconf 88' lang='lat' dir='ltr'><strong>ornas.</strong></span> 
     </span>
    </p>
   </div>
   <div class='ocr_carea' id='block_1_7' title="bbox 844 250 905 285">
    <p class='ocr_par' dir='ltr' id='par_1_7' title="bbox 844 250 905 285">
     <span class='ocr_line' id='line_1_14' title="bbox 844 250 905 285; baseline -0.033 0"><span class='ocrx_word' id='word_1_34' title='bbox 844 250 905 285; x_wconf 88' lang='lat' dir='ltr'><strong>5b.</strong></span> 
     </span>
    </p>
   </div>
   <div class='ocr_carea' id='block_1_8' title="bbox 841 492 903 526">
    <p class='ocr_par' dir='ltr' id='par_1_8' title="bbox 841 492 903 526">
     <span class='ocr_line' id='line_1_15' title="bbox 841 492 903 526; baseline 0.016 -2"><span class='ocrx_word' id='word_1_35' title='bbox 841 492 903 526; x_wconf 83' lang='lat' dir='ltr'><strong>6b.</strong></span> 
     </span>
    </p>
   </div>
   <div class='ocr_carea' id='block_1_9' title="bbox 839 731 902 765">
    <p class='ocr_par' dir='ltr' id='par_1_9' title="bbox 839 731 902 765">
     <span class='ocr_line' id='line_1_16' title="bbox 839 731 902 765; baseline -0.048 0"><span class='ocrx_word' id='word_1_36' title='bbox 839 731 902 765; x_wconf 81' lang='lat' dir='ltr'><strong>7b.</strong></span> 
     </span>
    </p>
   </div>
   <div class='ocr_carea' id='block_1_10' title="bbox 936 248 1265 433">
    <p class='ocr_par' dir='ltr' id='par_1_10' title="bbox 936 248 1265 433">
     <span class='ocr_line' id='line_1_17' title="bbox 939 248 1265 290; baseline -0.009 -8"><span class='ocrx_word' id='word_1_37' title='bbox 939 251 998 290; x_wconf 84' lang='lat' dir='ltr'><strong>Qui</strong></span> <span class='ocrx_word' id='word_1_38' title='bbox 1025 250 1108 290; x_wconf 89' lang='lat' dir='ltr'><strong>pius,</strong></span> <span class='ocrx_word' id='word_1_39' title='bbox 1136 248 1265 280; x_wconf 87' lang='lat' dir='ltr'><strong>humilis</strong></span> 
     </span>
     <span class='ocr_line' id='line_1_18' title="bbox 936 298 1262 338; baseline -0.009 -8"><span class='ocrx_word' id='word_1_40' title='bbox 936 298 1107 330; x_wconf 87' lang='lat' dir='ltr'><strong>Franciam</strong></span> <span class='ocrx_word' id='word_1_41' title='bbox 1135 305 1262 338; x_wconf 84' lang='lat' dir='ltr'><strong>genere,</strong></span> 
     </span>
     <span class='ocr_line' id='line_1_19' title="bbox 937 345 1237 387; baseline -0.01 -8"><span class='ocrx_word' id='word_1_42' title='bbox 937 355 1072 387; x_wconf 88' lang='lat' dir='ltr'><strong>corpore</strong></span> <span class='ocrx_word' id='word_1_43' title='bbox 1098 345 1237 378; x_wconf 79' lang='lat' dir='ltr'>Galliam</span> 
     </span>
     <span class='ocr_line' id='line_1_20' title="bbox 936 394 1168 433; baseline 0.004 -7"><span class='ocrx_word' id='word_1_44' title='bbox 936 394 1034 433; x_wconf 84' lang='lat' dir='ltr'><strong>fovet,</strong></span> <span class='ocrx_word' id='word_1_45' title='bbox 1065 397 1168 427; x_wconf 89' lang='lat' dir='ltr'><strong>ornat.</strong></span> 
     </span>
    </p>
   </div>
   <div class='ocr_carea' id='block_1_11' title="bbox 936 493 1362 667">
    <p class='ocr_par' dir='ltr' id='par_1_11' title="bbox 936 493 1229 532">
     <span class='ocr_line' id='line_1_21' title="bbox 936 493 1229 532; baseline -0.01 -8"><span class='ocrx_word' id='word_1_46' title='bbox 936 493 1133 532; x_wconf 81' lang='lat' dir='ltr'><strong>Semperque</strong></span> <span class='ocrx_word' id='word_1_47' title='bbox 1159 494 1229 522; x_wconf 84' lang='lat' dir='ltr'><strong>tuas</strong></span> 
     </span>
    </p>

    <p class='ocr_par' dir='ltr' id='par_1_12' title="bbox 938 539 1362 667">
     <span class='ocr_line' id='line_1_22' title="bbox 939 539 1222 579; baseline -0.007 -7"><span class='ocrx_word' id='word_1_48' title='bbox 939 540 1034 572; x_wconf 88' lang='lat' dir='ltr'><strong>Petro</strong></span> <span class='ocrx_word' id='word_1_49' title='bbox 1061 539 1222 579; x_wconf 83' lang='lat' dir='ltr'><strong>clavigero</strong></span> 
     </span>
     <span class='ocr_line' id='line_1_23' title="bbox 938 588 1362 628; baseline -0.007 -9"><span class='ocrx_word' id='word_1_50' title='bbox 938 588 1091 624; x_wconf 78' lang='lat' dir='ltr'><strong>oviculas,</strong></span> <span class='ocrx_word' id='word_1_51' title='bbox 1121 591 1213 628; x_wconf 79' lang='lat' dir='ltr'><strong>pater</strong></span> <span class='ocrx_word' id='word_1_52' title='bbox 1240 589 1362 625; x_wconf 66' lang='lat' dir='ltr'><strong>sancte,</strong></span> 
     </span>
     <span class='ocr_line' id='line_1_24' title="bbox 939 636 1136 667; baseline 0 -1"><span class='ocrx_word' id='word_1_53' title='bbox 939 636 1136 667; x_wconf 85' lang='lat' dir='ltr'><strong>commenda.</strong></span> 
     </span>
    </p>
   </div>
   <div class='ocr_carea' id='block_1_12' title="bbox 933 730 1297 915">
    <p class='ocr_par' dir='ltr' id='par_1_13' title="bbox 933 730 1243 858">
     <span class='ocr_line' id='line_1_25' title="bbox 935 730 1243 769; baseline -0.01 -6"><span class='ocrx_word' id='word_1_54' title='bbox 935 731 979 763; x_wconf 93' lang='lat' dir='ltr'><strong>Te</strong></span> <span class='ocrx_word' id='word_1_55' title='bbox 1007 739 1090 762; x_wconf 88' lang='lat' dir='ltr'><strong>nunc</strong></span> <span class='ocrx_word' id='word_1_56' title='bbox 1118 730 1243 769; x_wconf 84' lang='lat' dir='ltr'><strong>requies</strong></span> 
     </span>
     <span class='ocr_line' id='line_1_26' title="bbox 933 779 1177 818; baseline -0.004 -8"><span class='ocrx_word' id='word_1_57' title='bbox 933 783 1022 810; x_wconf 85' lang='lat' dir='ltr'><strong>tenet</strong></span> <span class='ocrx_word' id='word_1_58' title='bbox 1048 779 1177 818; x_wconf 81' lang='lat' dir='ltr'><strong>egregia</strong></span> 
     </span>
     <span class='ocr_line' id='line_1_27' title="bbox 936 826 1061 858; baseline -0.008 0"><span class='ocrx_word' id='word_1_59' title='bbox 936 826 1061 858; x_wconf 81' lang='lat' dir='ltr'><strong>floridis</strong></span> 
     </span>
    </p>

    <p class='ocr_par' dir='ltr' id='par_1_14' title="bbox 933 873 1297 915">
     <span class='ocr_line' id='line_1_28' title="bbox 933 873 1297 915; baseline -0.008 -9"><span class='ocrx_word' id='word_1_60' title='bbox 933 875 1077 915; x_wconf 82' lang='lat' dir='ltr'><strong>paradisi</strong></span> <span class='ocrx_word' id='word_1_61' title='bbox 1104 875 1136 905; x_wconf 92' lang='lat' dir='ltr'><strong>in</strong></span> <span class='ocrx_word' id='word_1_62' title='bbox 1164 873 1297 912; x_wconf 81' lang='lat' dir='ltr'><strong>campis,</strong></span> 
     </span>
    </p>
   </div>
   <div class='ocr_carea' id='block_1_13' title="bbox 475 971 1097 1012">
    <p class='ocr_par' dir='ltr' id='par_1_15' title="bbox 475 971 1097 1012">
     <span class='ocr_line' id='line_1_29' title="bbox 475 971 1097 1012; baseline -0.008 -7"><span class='ocrx_word' id='word_1_63' title='bbox 475 975 507 1006; x_wconf 87' lang='lat'><strong>8.</strong></span> <span class='ocrx_word' id='word_1_64' title='bbox 537 972 696 1012; x_wconf 65' lang='lat' dir='ltr'><strong>Christus,</strong></span> <span class='ocrx_word' id='word_1_65' title='bbox 725 972 779 1012; x_wconf 88' lang='lat' dir='ltr'><strong>qui</strong></span> <span class='ocrx_word' id='word_1_66' title='bbox 806 976 855 1003; x_wconf 86' lang='lat' dir='ltr'><strong>est</strong></span> <span class='ocrx_word' id='word_1_67' title='bbox 881 971 947 1002; x_wconf 90' lang='lat' dir='ltr'><strong>vita</strong></span> <span class='ocrx_word' id='word_1_68' title='bbox 973 974 1097 1002; x_wconf 87' lang='lat' dir='ltr'><strong>nostra.</strong></span> 
     </span>
    </p>
   </div>
   <div class='ocr_carea' id='block_1_14' title="bbox 118 1062 1453 1144">
    <p class='ocr_par' dir='ltr' id='par_1_16' title="bbox 118 1062 1453 1144">
     <span class='ocr_line' id='line_1_30' title="bbox 196 1062 1453 1105; baseline -0.009 -7"><span class='ocrx_word' id='word_1_69' title='bbox 196 1071 281 1098; x_wconf 85' lang='lat' dir='ltr'><strong>Miss.</strong></span> <span class='ocrx_word' id='word_1_70' title='bbox 303 1079 355 1097; x_wconf 91' lang='lat' dir='ltr'><strong>ms.</strong></span> <span class='ocrx_word' id='word_1_71' title='bbox 379 1069 408 1097; x_wconf 90' lang='lat' dir='ltr'><strong>S.</strong></span> <span class='ocrx_word' id='word_1_72' title='bbox 431 1066 579 1105; x_wconf 88' lang='lat' dir='ltr'><strong>Arnulphi</strong></span> <span class='ocrx_word' id='word_1_73' title='bbox 594 1069 739 1095; x_wconf 82' lang='lat' dir='ltr'><strong>Metensis</strong></span> <span class='ocrx_word' id='word_1_74' title='bbox 761 1068 832 1094; x_wconf 88' lang='lat' dir='ltr'><strong>anni</strong></span> <span class='ocrx_word' id='word_1_75' title='bbox 857 1064 938 1094; x_wconf 83' lang='lat'>1321.</span> <span class='ocrx_word' id='word_1_76' title='bbox 974 1065 1043 1093; x_wconf 71' lang='lat' dir='ltr'><strong>eod.</strong></span> <span class='ocrx_word' id='word_1_77' title='bbox 1062 1065 1170 1091; x_wconf 81' lang='lat' dir='ltr'><strong>Meten.</strong></span> <span class='ocrx_word' id='word_1_78' title='bbox 1191 1062 1253 1090; x_wconf 59' lang='lat'><strong>133.</strong></span> <span class='ocrx_word' id='word_1_79' title='bbox 1272 1079 1305 1082; x_wconf 88' lang='lat'>—</span> <span class='ocrx_word' id='word_1_80' title='bbox 1322 1062 1453 1089; x_wconf 76' lang='lat' dir='ltr'><strong>Melodie</strong></span> 
     </span>
     <span class='ocr_line' id='line_1_31' title="bbox 118 1100 1453 1144; baseline -0.008 -7"><span class='ocrx_word' id='word_1_81' title='bbox 118 1109 270 1138; x_wconf 81' lang='lat' dir='ltr'><strong>vielleicht</strong></span> <span class='ocrx_word' id='word_1_82' title='bbox 301 1106 501 1144; x_wconf 82' lang='lat' dir='ltr'><strong>„Romana“</strong></span> <span class='ocrx_word' id='word_1_83' title='bbox 535 1109 589 1134; x_wconf 83' lang='lat' dir='ltr'><strong>mit</strong></span> <span class='ocrx_word' id='word_1_84' title='bbox 619 1107 738 1142; x_wconf 83' lang='lat' dir='ltr'><strong>einigen</strong></span> <span class='ocrx_word' id='word_1_85' title='bbox 772 1105 1010 1135; x_wconf 77' lang='lat' dir='ltr'><strong>Unebenheiten;</strong></span> <span class='ocrx_word' id='word_1_86' title='bbox 1048 1104 1098 1130; x_wconf 76' lang='lat' dir='ltr'><strong>cfr.</strong></span> <span class='ocrx_word' id='word_1_87' title='bbox 1135 1101 1219 1129; x_wconf 82' lang='lat' dir='ltr'><strong>Anal.</strong></span> <span class='ocrx_word' id='word_1_88' title='bbox 1257 1102 1365 1136; x_wconf 83' lang='lat' dir='ltr'><strong>Hymn.</strong></span> <span class='ocrx_word' id='word_1_89' title='bbox 1400 1100 1453 1130; x_wconf 82' lang='lat' dir='ltr'><strong>IX.</strong></span> 
     </span>
    </p>
   </div>
   <div class='ocr_carea' id='block_1_15' title="bbox 118 1143 641 1182">
    <p class='ocr_par' dir='ltr' id='par_1_17' title="bbox 118 1143 641 1182">
     <span class='ocr_line' id='line_1_32' title="bbox 118 1143 641 1182; baseline -0.008 -6"><span class='ocrx_word' id='word_1_90' title='bbox 118 1148 168 1177; x_wconf 88' lang='lat' dir='ltr'><strong>Nr.</strong></span> <span class='ocrx_word' id='word_1_91' title='bbox 191 1146 247 1175; x_wconf 84' lang='lat'><strong>223</strong></span> <span class='ocrx_word' id='word_1_92' title='bbox 268 1147 326 1175; x_wconf 89' lang='lat' dir='ltr'><strong>und</strong></span> <span class='ocrx_word' id='word_1_93' title='bbox 349 1145 422 1182; x_wconf 82' lang='lat'>287;</span> <span class='ocrx_word' id='word_1_94' title='bbox 444 1147 480 1179; x_wconf 82' lang='lat' dir='ltr'><strong>X,</strong></span> <span class='ocrx_word' id='word_1_95' title='bbox 503 1147 553 1173; x_wconf 88' lang='lat' dir='ltr'><strong>Nr.</strong></span> <span class='ocrx_word' id='word_1_96' title='bbox 576 1143 641 1173; x_wconf 84' lang='lat'>262.</span> 
     </span>
    </p>
   </div>
   <div class='ocr_carea' id='block_1_16' title="bbox 554 1295 1012 1330">
    <p class='ocr_par' dir='ltr' id='par_1_18' title="bbox 554 1295 1012 1330">
     <span class='ocr_line' id='line_1_33' title="bbox 554 1295 1012 1330; baseline -0.009 0"><span class='ocrx_word' id='word_1_97' title='bbox 554 1298 610 1330; x_wconf 82' lang='lat'>151.</span> <span class='ocrx_word' id='word_1_98' title='bbox 652 1298 694 1329; x_wconf 86' lang='lat' dir='ltr'><strong>De</strong></span> <span class='ocrx_word' id='word_1_99' title='bbox 719 1299 827 1329; x_wconf 74' lang='lat' dir='ltr'><strong>sancto</strong></span> <span class='ocrx_word' id='word_1_100' title='bbox 851 1295 1012 1328; x_wconf 80' lang='lat' dir='ltr'><strong>Guenailo.</strong></span> 
     </span>
    </p>
   </div>
   <div class='ocr_carea' id='block_1_17' title="bbox 144 1410 638 1741">
    <p class='ocr_par' dir='ltr' id='par_1_19' title="bbox 144 1410 638 1741">
     <span class='ocr_line' id='line_1_34' title="bbox 144 1410 428 1452; baseline -0.007 -8"><span class='ocrx_word' id='word_1_101' title='bbox 144 1411 203 1445; x_wconf 84' lang='lat' dir='ltr'><strong>la.</strong></span> <span class='ocrx_word' id='word_1_102' title='bbox 234 1410 428 1452; x_wconf 81' lang='lat' dir='ltr'><strong>Jucundare‚</strong></span> 
     </span>
     <span class='ocr_line' id='line_1_35' title="bbox 286 1457 638 1499; baseline -0.003 -9"><span class='ocrx_word' id='word_1_103' title='bbox 286 1458 379 1499; x_wconf 86' lang='lat' dir='ltr'><strong>plebs</strong></span> <span class='ocrx_word' id='word_1_104' title='bbox 407 1457 638 1498; x_wconf 84' lang='lat' dir='ltr'><strong>corboliensis,</strong></span> 
     </span>
     <span class='ocr_line' id='line_1_36' title="bbox 236 1504 433 1541; baseline -0.01 0"><span class='ocrx_word' id='word_1_105' title='bbox 236 1504 282 1541; x_wconf 84' lang='lat' dir='ltr'><strong>Et</strong></span> <span class='ocrx_word' id='word_1_106' title='bbox 307 1507 433 1539; x_wconf 84' lang='lat' dir='ltr'><strong>exsulta</strong></span> 
     </span>
     <span class='ocr_line' id='line_1_37' title="bbox 284 1555 634 1592; baseline -0.003 -5"><span class='ocrx_word' id='word_1_107' title='bbox 284 1555 434 1588; x_wconf 84' lang='lat' dir='ltr'><strong>laudibus</strong></span> <span class='ocrx_word' id='word_1_108' title='bbox 457 1555 634 1592; x_wconf 87' lang='lat' dir='ltr'><strong>immensis,</strong></span> 
     </span>
     <span class='ocr_line' id='line_1_38' title="bbox 234 1604 467 1646; baseline -0.009 -9"><span class='ocrx_word' id='word_1_109' title='bbox 234 1604 330 1646; x_wconf 87' lang='lat' dir='ltr'><strong>Voce,</strong></span> <span class='ocrx_word' id='word_1_110' title='bbox 360 1604 467 1643; x_wconf 85' lang='lat' dir='ltr'><strong>corde,</strong></span> 
     </span>
     <span class='ocr_line' id='line_1_39' title="bbox 285 1651 622 1693; baseline -0.003 -9"><span class='ocrx_word' id='word_1_111' title='bbox 285 1652 430 1685; x_wconf 86' lang='lat' dir='ltr'><strong>manibus</strong></span> <span class='ocrx_word' id='word_1_112' title='bbox 457 1651 622 1693; x_wconf 85' lang='lat' dir='ltr'><strong>suspensis</strong></span> 
     </span>
     <span class='ocr_line' id='line_1_40' title="bbox 332 1701 563 1741; baseline -0.009 -7"><span class='ocrx_word' id='word_1_113' title='bbox 332 1701 385 1734; x_wconf 82' lang='lat' dir='ltr'><strong>Ad</strong></span> <span class='ocrx_word' id='word_1_114' title='bbox 413 1710 563 1741; x_wconf 87' lang='lat' dir='ltr'><strong>superna.</strong></span> 
     </span>
    </p>
   </div>
   <div class='ocr_carea' id='block_1_18' title="bbox 138 1799 613 2133">
    <p class='ocr_par' dir='ltr' id='par_1_20' title="bbox 138 1799 613 2133">
     <span class='ocr_line' id='line_1_41' title="bbox 138 1799 403 1836; baseline -0.004 -4"><span class='ocrx_word' id='word_1_115' title='bbox 138 1799 198 1832; x_wconf 71' lang='lat'><strong>22.</strong></span> <span class='ocrx_word' id='word_1_116' title='bbox 229 1799 403 1836; x_wconf 83' lang='lat' dir='ltr'><strong>Romelius,</strong></span> 
     </span>
     <span class='ocr_line' id='line_1_42' title="bbox 282 1847 613 1888; baseline 0 -9"><span class='ocrx_word' id='word_1_117' title='bbox 282 1856 388 1880; x_wconf 88' lang='lat' dir='ltr'><strong>comes</strong></span> <span class='ocrx_word' id='word_1_118' title='bbox 414 1847 613 1888; x_wconf 84' lang='lat' dir='ltr'><strong>Britanniae,</strong></span> 
     </span>
     <span class='ocr_line' id='line_1_43' title="bbox 233 1896 386 1937; baseline -0.007 -8"><span class='ocrx_word' id='word_1_119' title='bbox 233 1896 386 1937; x_wconf 82' lang='lat' dir='ltr'><strong>Coniugio</strong></span> 
     </span>
     <span class='ocr_line' id='line_1_44' title="bbox 283 1945 587 1986; baseline -0.003 -9"><span class='ocrx_word' id='word_1_120' title='bbox 283 1945 379 1977; x_wconf 86' lang='lat' dir='ltr'><strong>datur</strong></span> <span class='ocrx_word' id='word_1_121' title='bbox 406 1945 587 1986; x_wconf 76' lang='lat' dir='ltr'><strong>Laetitiae3</strong></span> 
     </span>
     <span class='ocr_line' id='line_1_45' title="bbox 235 1993 449 2027; baseline 0 -1"><span class='ocrx_word' id='word_1_122' title='bbox 235 1993 449 2027; x_wconf 88' lang='lat' dir='ltr'><strong>Celebrantur</strong></span> 
     </span>
     <span class='ocr_line' id='line_1_46' title="bbox 280 2042 607 2083; baseline -0.006 -8"><span class='ocrx_word' id='word_1_123' title='bbox 280 2042 449 2075; x_wconf 83' lang='lat' dir='ltr'><strong>amborum</strong></span> <span class='ocrx_word' id='word_1_124' title='bbox 475 2042 607 2083; x_wconf 87' lang='lat' dir='ltr'><strong>nuptiae</strong></span> 
     </span>
     <span class='ocr_line' id='line_1_47' title="bbox 330 2091 523 2133; baseline 0 -9"><span class='ocrx_word' id='word_1_125' title='bbox 330 2092 367 2124; x_wconf 90' lang='lat' dir='ltr'><strong>In</strong></span> <span class='ocrx_word' id='word_1_126' title='bbox 393 2091 523 2133; x_wconf 84' lang='lat' dir='ltr'><strong>Anglia.</strong></span> 
     </span>
    </p>
   </div>
   <div class='ocr_carea' id='block_1_19' title="bbox 136 2189 615 2522">
    <p class='ocr_par' dir='ltr' id='par_1_21' title="bbox 136 2189 615 2522">
     <span class='ocr_line' id='line_1_48' title="bbox 136 2189 395 2222; baseline -0.004 0"><span class='ocrx_word' id='word_1_127' title='bbox 136 2189 193 2222; x_wconf 89' lang='lat' dir='ltr'><strong>3a.</strong></span> <span class='ocrx_word' id='word_1_128' title='bbox 227 2191 310 2222; x_wconf 88' lang='lat' dir='ltr'><strong>Arte</strong></span> <span class='ocrx_word' id='word_1_129' title='bbox 337 2198 395 2221; x_wconf 87' lang='lat' dir='ltr'><strong>sua</strong></span> 
     </span>
     <span class='ocr_line' id='line_1_49' title="bbox 280 2237 610 2277; baseline -0.006 -7"><span class='ocrx_word' id='word_1_130' title='bbox 280 2237 435 2270; x_wconf 86' lang='lat' dir='ltr'><strong>fiscellam</strong></span> <span class='ocrx_word' id='word_1_131' title='bbox 461 2237 610 2277; x_wconf 86' lang='lat' dir='ltr'><strong>finxerat,</strong></span> 
     </span>
     <span class='ocr_line' id='line_1_50' title="bbox 229 2286 452 2327; baseline -0.004 -8"><span class='ocrx_word' id='word_1_132' title='bbox 229 2286 279 2319; x_wconf 92' lang='lat' dir='ltr'><strong>De</strong></span> <span class='ocrx_word' id='word_1_133' title='bbox 303 2287 452 2327; x_wconf 84' lang='lat' dir='ltr'><strong>virgultis</strong></span> 
     </span>
     <span class='ocr_line' id='line_1_51' title="bbox 277 2333 596 2371; baseline -0.003 -4"><span class='ocrx_word' id='word_1_134' title='bbox 277 2335 368 2367; x_wconf 88' lang='lat' dir='ltr'><strong>illam</strong></span> <span class='ocrx_word' id='word_1_135' title='bbox 397 2333 596 2371; x_wconf 81' lang='lat' dir='ltr'><strong>confecerat,</strong></span> 
     </span>
     <span class='ocr_line' id='line_1_52' title="bbox 230 2384 412 2426; baseline -0.005 -9"><span class='ocrx_word' id='word_1_136' title='bbox 230 2384 268 2417; x_wconf 91' lang='lat' dir='ltr'><strong>In</strong></span> <span class='ocrx_word' id='word_1_137' title='bbox 294 2384 412 2426; x_wconf 83' lang='lat' dir='ltr'><strong>pelago</strong></span> 
     </span>
     <span class='ocr_line' id='line_1_53' title="bbox 277 2434 615 2474; baseline -0.006 -9"><span class='ocrx_word' id='word_1_138' title='bbox 277 2441 373 2474; x_wconf 79' lang='lat' dir='ltr'><strong>quam</strong></span> <span class='ocrx_word' id='word_1_139' title='bbox 399 2434 615 2473; x_wconf 74' lang='lat' dir='ltr'><strong>exposuerat3</strong></span> 
     </span>
     <span class='ocr_line' id='line_1_54' title="bbox 327 2480 526 2522; baseline 0.005 -8"><span class='ocrx_word' id='word_1_140' title='bbox 327 2480 526 2522; x_wconf 84' lang='lat' dir='ltr'><strong>Ingreditur.</strong></span> 
     </span>
    </p>
   </div>
   <div class='ocr_carea' id='block_1_20' title="bbox 840 1407 901 1440">
    <p class='ocr_par' dir='ltr' id='par_1_22' title="bbox 840 1407 901 1440">
     <span class='ocr_line' id='line_1_55' title="bbox 840 1407 901 1440; baseline 0 0"><span class='ocrx_word' id='word_1_141' title='bbox 840 1407 901 1440; x_wconf 91' lang='lat' dir='ltr'><strong>1b.</strong></span> 
     </span>
    </p>
   </div>
   <div class='ocr_carea' id='block_1_21' title="bbox 936 1406 1238 1487">
    <p class='ocr_par' dir='ltr' id='par_1_23' title="bbox 936 1406 1238 1487">
     <span class='ocr_line' id='line_1_56' title="bbox 936 1406 1120 1439; baseline -0.005 -1"><span class='ocrx_word' id='word_1_142' title='bbox 936 1408 1001 1439; x_wconf 82' lang='lat' dir='ltr'><strong>Ista</strong></span> <span class='ocrx_word' id='word_1_143' title='bbox 1028 1406 1120 1438; x_wconf 91' lang='lat' dir='ltr'><strong>nobis</strong></span> 
     </span>
     <span class='ocr_line' id='line_1_57' title="bbox 984 1453 1238 1487; baseline -0.012 0"><span class='ocrx_word' id='word_1_144' title='bbox 984 1456 1053 1487; x_wconf 89' lang='lat' dir='ltr'><strong>dies</strong></span> <span class='ocrx_word' id='word_1_145' title='bbox 1080 1453 1238 1485; x_wconf 87' lang='lat' dir='ltr'><strong>celebrior</strong></span> 
     </span>
    </p>
   </div>
   <div class='ocr_carea' id='block_1_22' title="bbox 935 1502 1253 1587">
    <p class='ocr_par' dir='ltr' id='par_1_24' title="bbox 935 1502 1253 1587">
     <span class='ocr_line' id='line_1_58' title="bbox 935 1502 1171 1543; baseline -0.013 -7"><span class='ocrx_word' id='word_1_146' title='bbox 935 1504 993 1536; x_wconf 90' lang='lat' dir='ltr'><strong>Est</strong></span> <span class='ocrx_word' id='word_1_147' title='bbox 1021 1502 1171 1543; x_wconf 83' lang='lat' dir='ltr'><strong>iucunda,</strong></span> 
     </span>
     <span class='ocr_line' id='line_1_59' title="bbox 983 1549 1253 1587; baseline -0.007 -5"><span class='ocrx_word' id='word_1_148' title='bbox 983 1552 1098 1582; x_wconf 84' lang='lat' dir='ltr'><strong>ceteris</strong></span> <span class='ocrx_word' id='word_1_149' title='bbox 1126 1549 1253 1587; x_wconf 77' lang='lat' dir='ltr'><strong>clarior,</strong></span> 
     </span>
    </p>
   </div>
   <div class='ocr_carea' id='block_1_23' title="bbox 935 1600 1315 1687">
    <p class='ocr_par' dir='ltr' id='par_1_25' title="bbox 935 1600 1315 1687">
     <span class='ocr_line' id='line_1_60' title="bbox 935 1600 1134 1640; baseline 0 -8"><span class='ocrx_word' id='word_1_150' title='bbox 935 1600 1022 1640; x_wconf 82' lang='lat' dir='ltr'><strong>Sole,</strong></span> <span class='ocrx_word' id='word_1_151' title='bbox 1048 1600 1134 1632; x_wconf 87' lang='lat' dir='ltr'><strong>luna.</strong></span> 
     </span>
     <span class='ocr_line' id='line_1_61' title="bbox 982 1645 1315 1687; baseline -0.009 -8"><span class='ocrx_word' id='word_1_152' title='bbox 982 1648 1085 1679; x_wconf 87' lang='lat' dir='ltr'><strong>stellis</strong></span> <span class='ocrx_word' id='word_1_153' title='bbox 1112 1645 1315 1687; x_wconf 86' lang='lat' dir='ltr'><strong>splendidior</strong></span> 
     </span>
    </p>
   </div>
   <div class='ocr_carea' id='block_1_24' title="bbox 1033 1696 1210 1728">
    <p class='ocr_par' dir='ltr' id='par_1_26' title="bbox 1033 1696 1210 1728">
     <span class='ocr_line' id='line_1_62' title="bbox 1033 1696 1210 1728; baseline -0.011 0"><span class='ocrx_word' id='word_1_154' title='bbox 1033 1696 1210 1728; x_wconf 87' lang='lat' dir='ltr'><strong>Hodierna.</strong></span> 
     </span>
    </p>
   </div>
   <div class='ocr_carea' id='block_1_25' title="bbox 839 1795 1119 1830">
    <p class='ocr_par' dir='ltr' id='par_1_27' title="bbox 839 1795 1119 1830">
     <span class='ocr_line' id='line_1_63' title="bbox 839 1795 1119 1830; baseline -0.018 0"><span class='ocrx_word' id='word_1_155' title='bbox 839 1799 858 1830; x_wconf 85' lang='lat'>2</span> <span class='ocrx_word' id='word_1_156' title='bbox 871 1796 901 1829; x_wconf 93' lang='lat' dir='ltr'><strong>b.</strong></span> <span class='ocrx_word' id='word_1_157' title='bbox 936 1795 1119 1829; x_wconf 85' lang='lat' dir='ltr'><strong>Generatur</strong></span> 
     </span>
    </p>
   </div>
   <div class='ocr_carea' id='block_1_26' title="bbox 838 2185 899 2220">
    <p class='ocr_par' dir='ltr' id='par_1_28' title="bbox 838 2185 899 2220">
     <span class='ocr_line' id='line_1_64' title="bbox 838 2185 899 2220; baseline -0.033 0"><span class='ocrx_word' id='word_1_158' title='bbox 838 2185 899 2220; x_wconf 86' lang='lat' dir='ltr'><strong>3b.</strong></span> 
     </span>
    </p>
   </div>
   <div class='ocr_carea' id='block_1_27' title="bbox 932 1842 1319 1980">
    <p class='ocr_par' dir='ltr' id='par_1_29' title="bbox 932 1842 1319 1980">
     <span class='ocr_line' id='line_1_65' title="bbox 986 1842 1254 1884; baseline -0.015 -8"><span class='ocrx_word' id='word_1_159' title='bbox 986 1853 1065 1884; x_wconf 88' lang='lat' dir='ltr'><strong>puer</strong></span> <span class='ocrx_word' id='word_1_160' title='bbox 1091 1842 1254 1883; x_wconf 77' lang='lat' dir='ltr'><strong>angechs</strong></span> 
     </span>
     <span class='ocr_line' id='line_1_66' title="bbox 932 1892 1131 1933; baseline -0.015 -8"><span class='ocrx_word' id='word_1_161' title='bbox 932 1892 1131 1933; x_wconf 76' lang='lat' dir='ltr'><strong>Guenaylus,</strong></span> 
     </span>
     <span class='ocr_line' id='line_1_67' title="bbox 980 1939 1319 1980; baseline -0.012 -7"><span class='ocrx_word' id='word_1_162' title='bbox 980 1944 1144 1980; x_wconf 82' lang='lat' dir='ltr'><strong>venustus,</strong></span> <span class='ocrx_word' id='word_1_163' title='bbox 1171 1939 1319 1979; x_wconf 43' lang='lat' dir='ltr'><strong>pudieus,</strong></span> 
     </span>
    </p>
   </div>
   <div class='ocr_carea' id='block_1_28' title="bbox 932 1989 1300 2080">
    <p class='ocr_par' dir='ltr' id='par_1_30' title="bbox 932 1989 1300 2080">
     <span class='ocr_line' id='line_1_68' title="bbox 932 1989 1201 2026; baseline -0.019 -2"><span class='ocrx_word' id='word_1_164' title='bbox 932 1991 1056 2024; x_wconf 88' lang='lat' dir='ltr'><strong>Mundo</strong></span> <span class='ocrx_word' id='word_1_165' title='bbox 1083 1989 1201 2026; x_wconf 86' lang='lat' dir='ltr'><strong>clarus,</strong></span> 
     </span>
     <span class='ocr_line' id='line_1_69' title="bbox 980 2035 1300 2080; baseline -0.016 -9"><span class='ocrx_word' id='word_1_166' title='bbox 980 2042 1104 2080; x_wconf 78' lang='lat' dir='ltr'><strong>potens,</strong></span> <span class='ocrx_word' id='word_1_167' title='bbox 1133 2035 1300 2068; x_wconf 87' lang='lat' dir='ltr'><strong>munificus</strong></span> 
     </span>
    </p>
   </div>
   <div class='ocr_carea' id='block_1_29' title="bbox 1031 2085 1249 2126">
    <p class='ocr_par' dir='ltr' id='par_1_31' title="bbox 1031 2085 1249 2126">
     <span class='ocr_line' id='line_1_70' title="bbox 1031 2085 1249 2126; baseline -0.018 -7"><span class='ocrx_word' id='word_1_168' title='bbox 1031 2087 1109 2119; x_wconf 87' lang='lat' dir='ltr'><strong>Cum</strong></span> <span class='ocrx_word' id='word_1_169' title='bbox 1137 2085 1249 2126; x_wconf 83' lang='lat' dir='ltr'><strong>gloria.</strong></span> 
     </span>
    </p>
   </div>
   <div class='ocr_carea' id='block_1_30' title="bbox 931 2185 1344 2267">
    <p class='ocr_par' dir='ltr' id='par_1_32' title="bbox 931 2185 1344 2267">
     <span class='ocr_line' id='line_1_71' title="bbox 931 2185 1130 2225; baseline -0.02 -7"><span class='ocrx_word' id='word_1_170' title='bbox 931 2187 959 2218; x_wconf 92' lang='lat' dir='ltr'><strong>A</strong></span> <span class='ocrx_word' id='word_1_171' title='bbox 987 2185 1130 2225; x_wconf 87' lang='lat' dir='ltr'><strong>maligno</strong></span> 
     </span>
     <span class='ocr_line' id='line_1_72' title="bbox 978 2230 1344 2267; baseline -0.016 -2"><span class='ocrx_word' id='word_1_172' title='bbox 978 2233 1094 2265; x_wconf 87' lang='lat' dir='ltr'><strong>fluctus</strong></span> <span class='ocrx_word' id='word_1_173' title='bbox 1121 2230 1344 2267; x_wconf 64' lang='lat' dir='ltr'><strong>conturbatur,</strong></span> 
     </span>
    </p>
   </div>
   <div class='ocr_carea' id='block_1_31' title="bbox 928 2281 1307 2508">
    <p class='ocr_par' dir='ltr' id='par_1_33' title="bbox 928 2281 1307 2508">
     <span class='ocr_line' id='line_1_73' title="bbox 929 2281 1126 2314; baseline -0.02 0"><span class='ocrx_word' id='word_1_174' title='bbox 929 2281 1126 2314; x_wconf 86' lang='lat' dir='ltr'><strong>Diffidentes</strong></span> 
     </span>
     <span class='ocr_line' id='line_1_74' title="bbox 977 2329 1262 2364; baseline -0.021 -2"><span class='ocrx_word' id='word_1_175' title='bbox 977 2330 1078 2362; x_wconf 87' lang='lat' dir='ltr'><strong>fidere</strong></span> <span class='ocrx_word' id='word_1_176' title='bbox 1104 2329 1262 2364; x_wconf 74' lang='lat' dir='ltr'><strong>hortatur,</strong></span> 
     </span>
     <span class='ocr_line' id='line_1_75' title="bbox 928 2379 1150 2418; baseline -0.023 -6"><span class='ocrx_word' id='word_1_177' title='bbox 928 2379 989 2412; x_wconf 92' lang='lat' dir='ltr'><strong>Illo</strong></span> <span class='ocrx_word' id='word_1_178' title='bbox 1015 2387 1150 2418; x_wconf 88' lang='lat' dir='ltr'><strong>precan-</strong></span> 
     </span>
     <span class='ocr_line' id='line_1_76' title="bbox 978 2424 1307 2464; baseline -0.015 -6"><span class='ocrx_word' id='word_1_179' title='bbox 978 2432 1009 2458; x_wconf 87' lang='lat' dir='ltr'><strong>te</strong></span> <span class='ocrx_word' id='word_1_180' title='bbox 1035 2434 1123 2458; x_wconf 88' lang='lat' dir='ltr'><strong>mare</strong></span> <span class='ocrx_word' id='word_1_181' title='bbox 1150 2424 1307 2464; x_wconf 84' lang='lat' dir='ltr'><strong>placatur,</strong></span> 
     </span>
     <span class='ocr_line' id='line_1_77' title="bbox 1003 2473 1255 2508; baseline -0.02 0"><span class='ocrx_word' id='word_1_182' title='bbox 1003 2475 1086 2508; x_wconf 91' lang='lat' dir='ltr'><strong>Dum</strong></span> <span class='ocrx_word' id='word_1_183' title='bbox 1116 2473 1255 2505; x_wconf 88' lang='lat' dir='ltr'><strong>ducitur.</strong></span> 
     </span>
    </p>
   </div>
  </div>
 </body>
</html>
