1655 2713
721 171 979 206 —166—

214 281 232 314 7
244 289 272 312 a.
304 280 404 311 Vocat
415 278 561 311 Christus
571 273 813 315 praedilectum,
901 267 959 302 7b.
994 266 1103 300 Solum
1122 264 1286 298 Christum
1305 262 1360 294 bic
1378 259 1516 300 amavit,

307 327 416 366 Longo
443 325 530 356 senio
557 321 736 355 confectum
996 314 1092 348 Unde
1118 312 1181 345 sibi
1208 309 1416 352 praeparavit

356 375 408 406 Ad
435 377 582 404 aeternas
608 368 748 410 nuptias
1044 362 1138 393 Vitae
1164 368 1251 392 nunc
1278 358 1422 391 delicias.

214 464 273 496 8a.
309 452 847 495 Intranstumbam,quidsitmortis
899 449 962 484 8b.
995 449 1069 480 Vita
1095 446 1191 479 morti
1218 445 1313 485 digne
1340 443 1438 482 cedit,

310 508 419 544 Dolor,
434 506 544 545 nescit,
561 512 618 537 nec
631 511 716 534 mors
727 500 818 532 fortis
999 496 1063 529 Sed
1088 493 1248 534 surgendo
1274 492 1384 524 statim
1411 489 1499 523 redit

358 554 459 586 Solvit
492 553 576 584 hunc
606 552 638 582 in
665 556 817 589 corpore;
1047 544 1122 575 Vita
1147 542 1207 574 Dei
1231 548 1372 572 munere.

214 644 274 675 9a.
306 641 392 680 Ergo
419 648 492 671 vere
518 637 690 669 laudabilis
901 631 963 665 9b.
1002 631 1069 662 Iam
1088 639 1105 661 a
1121 628 1252 662 Christo
1271 635 1349 667 prae
1366 624 1514 658 omnibus

309 689 389 720 Prae
416 687 538 718 cunctis
564 690 594 716 et
619 683 766 716 amabilis
995 679 1057 710 Hic
1082 682 1179 717 atque
1201 676 1234 707 in
1262 673 1457 708 caelestibus

356 736 552 768 Decantatur
564 744 571 771 ς
1044 727 1241 759 Honoratur.

195 825 236 856 10
247 832 275 856 a.
307 822 377 860 Eia,
405 821 526 861 doctor,
553 818 611 851 flos
629 822 820 854 sanctorum,
883 814 926 848 10
937 815 968 848 b.
1001 815 1118 846 Omnes
1136 812 1190 844 hio
1207 820 1264 843 nos
1282 814 1314 842 te
1332 809 1514 846 laudamuS,

314 870 402 901 Inter
428 869 541 900 choros
567 867 751 906 angelorum
1002 863 1045 896 Ut
1073 861 1241 901 perducas,
1269 858 1485 899 obsecramus,

359 918 462 950 Ornas
489 916 568 947 caeli
595 915 727 952 curiam,
1050 910 1103 941 Ad
1130 908 1300 939 caelestem
1327 905 1477 946 patriam.

273 992 360 1020 Grad.
389 1000 440 1018 ms.
464 990 703 1017 Praedicatorum
733 996 807 1014 saec.
831 984 873 1012 14.
896 985 967 1012 eod.
988 985 1064 1012 Mus.
1086 984 1223 1011 German.
1245 979 1330 1009 2440.
1353 995 1388 999 —-
1408 979 1468 1012 fib,
1496 977 1514 1007 3

197 1033 299 1057 virtus.
322 1045 356 1049 —
379 1028 430 1058 91ι,
453 1027 470 1056 2
490 1029 537 1055 hic
559 1032 596 1055 et.
621 1042 653 1046 —
676 1026 819 1053 Melodie:
842 1025 881 1051 In
904 1023 1064 1050 caelesti
1088 1021 1290 1048 ierarchia.

586 1158 651 1188 180.
692 1156 734 1186 De
757 1164 779 1186 s.
801 1155 939 1186 Iohanne
960 1152 1138 1184 (lualberto.

230 1252 288 1284 la.
321 1249 441 1289 Sperne
466 1247 570 1279 labem
596 1246 790 1277 mundialem
911 1243 972 1275 lb.
1004 1241 1217 1274 Circumcisus
1243 1240 1289 1271 sic
1315 1239 1444 1270 effectus

367 1297 403 1327 In
429 1296 567 1327 instante
593 1294 729 1334 penitus,
1055 1290 1177 1329 Sperne
1203 1292 1234 1319 te
1260 1287 1404 1325 solidius,

320 1345 413 1377 Sume
439 1342 571 1374 formam
599 1341 726 1373 filialem
1007 1338 1109 1370 Cerne
1135 1345 1261 1368 crucem
1279 1339 1386 1366 terrae
1403 1332 1515 1373 flexus,

367 1392 412 1423 Te
438 1390 643 1421 mundantem
665 1387 828 1429 funditus3
1055 1385 1145 1416 Nihil
1171 1388 1219 1415 est
1244 1383 1405 1420 humilius,

320 1439 415 1481 Ignis,
447 1438 567 1475 aether,
595 1446 686 1476 aqua,
713 1436 812 1467 solum
1008 1433 1109 1465 Huius
1132 1431 1253 1464 formae
1271 1431 1334 1462 iam
1353 1429 1519 1469 exemplar

365 1486 405 1518 Se
439 1486 501 1517 iam
528 1484 659 1516 flectunt
685 1483 827 1514 caelitus.
1054 1481 1146 1519 Vide,
1174 1480 1201 1511 si
1225 1479 1402 1510 sublimius.

225 1566 283 1596 2³.
316 1563 534 1595 Pavimentum
561 1561 608 1591 sic
631 1563 826 1591 constratum
910 1557 973 1590 2b.
1004 1557 1066 1589 Hic
1093 1557 1197 1597 coegit
1222 1559 1400 1587 creatorem

366 1611 577 1642 Percurratur
603 1607 754 1649 moribus,
1055 1606 1243 1638 creaturam
1269 1602 1379 1644 effici3

322 1659 363 1690 Et
390 1657 506 1689 amoris
531 1656 767 1687 condimentum
1006 1653 1144 1684 Deitatis
1171 1652 1226 1684 dat
1253 1651 1415 1682 dulcorem

368 1704 584 1738 perfundatur
609 1702 764 1741 omnibus,
1055 1702 1161 1740 Atque
1187 1704 1323 1731 mentem
1352 1698 1450 1737 refici,

321 1754 378 1792 Qui
406 1751 555 1785 Iohannis
584 1751 617 1782 in
649 1749 829 1789 exemplum
1010 1748 1133 1788 Sperne
1157 1747 1322 1788 indignum
1349 1754 1502 1787 amorem,

370 1800 480 1832 Rubus
507 1802 553 1830 est
579 1799 612 1830 in
640 1797 776 1838 ignibus,
1057 1796 1090 1828 Si
1117 1795 1164 1827 vis
1190 1795 1264 1827 divo
1290 1794 1413 1835 profici.

227 1879 286 1911 311.
319 1877 406 1912 Tuis,
433 1880 537 1917 pater,
564 1875 611 1906 sic
636 1875 749 1906 assiste
914 1873 979 1906 3b.
1010 1872 1079 1904 Nec
1104 1876 1194 1903 tuere
1219 1880 1277 1903 nos
1305 1871 1424 1902 desiste

369 1924 461 1955 Filiis
487 1921 704 1963 precantibuS,
1056 1920 1120 1951 Sub
1145 1923 1178 1952 te
1204 1919 1427 1959 militantibus,

322 1972 363 2005 Ut
389 1972 512 2003 locetur
539 1971 652 2002 chorus
678 1970 738 2001 iste
1008 1968 1068 2009 Da,
1078 1970 1366 2008 utregnentperte,
1379 1967 1519 2007 Christe,

370 2019 496 2051 Sanctis
521 2019 554 2049 in
583 2017 783 2050 caelestibus.
1058 2017 1245 2048 Sanctorum
1280 2015 1519 2055 splendoribus.

279 2095 361 2122 Miss.
383 2102 435 2121 ms.
457 2093 552 2120 vallis
574 2092 737 2120 Umbrosae
761 2091 831 2118 anni
853 2089 934 2117 1471.
956 2090 1026 2117 Cod.
1047 2091 1185 2117 Laurent.
1207 2090 1299 2117 Conv.
1320 2099 1383 2126 sup.
1405 2089 1470 2118 232.
1485 2106 1522 2110 —-

208 2133 259 2166 lb,
280 2132 298 2161 3
319 2142 432 2161 crucem
454 2135 482 2159 te
504 2132 648 2158 reflexam.

656 2232 709 2263 181.
752 2231 792 2262 De
815 2233 922 2262 sancto
942 2230 1062 2262 ludoco.

226 2328 285 2359 la.
317 2326 422 2359 Patris
448 2324 523 2357 almi
915 2321 976 2355 1b.
1008 2321 1067 2354 Cui
1094 2321 1183 2354 dedit

368 2373 480 2406 Iudoci
507 2372 612 2404 contio
1057 2379 1197 2410 superna
1223 2368 1311 2416 ditio]

321 2423 439 2456 Nostra
466 2421 550 2453 colat
1011 2418 1105 2450 Tanti
1133 2418 1193 2450 viri

369 2469 451 2502 festa
477 2478 548 2502 cum
575 2468 701 2509 gaudio,
1060 2465 1123 2498 frui
1149 2468 1322 2507 praesidio.
