1655 2713
734 153 972 188 -36-

190 248 231 281 11
249 258 279 281 a.
311 250 409 289 Quam
436 254 471 282 ut
495 251 536 283 ab
563 259 600 282 eo
625 249 781 291 percepit,
880 249 921 282 11
938 249 970 282 b.
1003 247 1108 289 Super
1133 249 1225 281 cuius
1249 253 1348 291 caput
1373 250 1470 282 stella

359 299 515 330 scandere
541 299 663 330 caelum
690 295 816 337 meruit,
1047 304 1105 336 per
1117 300 1245 328 noctem
1255 297 1521 338 stansapparuit.

189 381 231 413 12
250 390 278 415 a.
313 383 425 422 Igitur,
453 386 562 414 sancte
587 382 749 422 Ambrosi,
882 383 924 414 12
939 381 970 415 b.
1001 382 1045 414 Et
1071 382 1225 421 impetres
1251 391 1309 413 nos
1337 380 1412 413 fieri

357 430 449 461 nobis
475 430 555 462 assis
581 429 744 469 praesidio
1049 434 1214 462 consortes
1241 430 1322 461 caeli
1348 430 1477 470 gaudio.

261 512 344 538 Miss.
366 513 527 540 Briocense
550 514 618 547 imp.
642 512 821 548 Rothomagi
842 522 864 540 s.
887 522 911 540 a.
934 511 1067 550 [1502?].
1089 514 1124 540 A.
1147 530 1182 533 —
1208 514 1291 542 Miss.
1313 515 1521 544 Macloviense

186 550 254 584 imp.
279 550 455 586 Rothomagi
482 549 561 577 1503.
584 551 616 576 Β.

632 691 680 721 32.
722 691 764 722 De
785 692 893 723 sancto
914 692 1048 724 Audi-ea.

601 792 630 823 1.
663 791 789 822 Laudes
816 795 850 823 tu
877 801 955 824 cane
982 793 1060 832 Dco,

662 838 768 870 fidelis
793 844 932 878 caterva,

209 923 229 954 2
247 931 274 953 a.
307 923 343 953 In
371 923 429 954 hac
455 924 623 962 praeclara
902 928 921 958 2
940 927 968 958 b.
1004 928 1041 959 In
1066 937 1128 968 qua
1154 938 1325 969 supernam

307 975 402 1009 atque
429 973 612 1003 veneranda
997 976 1115 1007 meruit
1141 977 1291 1008 Andreas

309 1018 360 1048 die
386 1027 509 1058 quoque
535 1020 686 1061 pretiosa,
996 1024 1153 1055 scandere
1180 1026 1259 1056 caeli
1286 1026 1435 1065 patriam.

211 1104 230 1133 3
246 1112 274 1135 a.
309 1103 369 1141 Qui
393 1112 462 1134 cum
487 1105 629 1136 mitteret
901 1108 966 1140 3b.
1002 1109 1105 1149 „Veni
1131 1110 1198 1147 tu,“
1228 1111 1342 1151 inquit,
1392 1145 1396 1148 ,

308 1155 374 1180 rete
401 1151 432 1181 in
452 1161 576 1190 aquam,
999 1160 1092 1198 „post
1119 1167 1179 1199 me,
1207 1157 1323 1190 faciam

306 1197 472 1229 ambulans
995 1205 1118 1236 animas

307 1245 461 1277 Dominus
487 1247 575 1278 iuxta
601 1256 698 1289 mare,
994 1255 1026 1282 te
1053 1253 1171 1291 piscari
1197 1254 1239 1285 ad
1268 1254 1364 1286 vitam

307 1294 390 1331 quod
418 1298 466 1324 est
493 1295 578 1325 circa
604 1295 792 1336 Galssaeam,
996 1300 1065 1330 sine
1093 1299 1154 1332 fine
1180 1307 1380 1341 perpetuam,

305 1345 397 1371 vocat
421 1350 489 1371 eum
519 1351 594 1373 voce
620 1343 689 1382 pia:
994 1347 1114 1379 habens
1138 1353 1172 1380 tu
1194 1359 1296 1381 meam
1319 1352 1496 1391 gratiam“.

212 1426 276 1457 4a.
308 1425 385 1456 Mox
413 1430 447 1456 ut
473 1427 597 1458 audivit
900 1431 966 1464 4b.
1000 1433 1074 1464 Post
1102 1433 1180 1464 haec
1208 1435 1316 1467 divina

309 1481 416 1503 vocem
444 1473 564 1505 Christi
591 1475 771 1518 benignam,
995 1480 1108 1518 plenus
1135 1483 1306 1523 sapientia,

308 1521 412 1551 navim
441 1523 630 1561 contempsit
994 1536 1116 1559 omnem
1144 1539 1203 1569 per
1232 1531 1340 1562 orbem

306 1572 400 1607 atque
425 1578 481 1600 sua
506 1570 596 1608 retia,
995 1576 1113 1607 docens
1139 1577 1199 1608 Dei
1226 1579 1343 1617 edicta,

308 1616 373 1646 eius
400 1625 533 1656 sequens
562 1619 704 1659 vestigia.
993 1624 1094 1655 multa
1119 1630 1252 1664 patrans
1278 1628 1449 1670 miracula,

211 1702 275 1733 5a.
308 1700 432 1731 Deinde
460 1702 570 1734 Patras
900 1709 918 1739 5
935 1707 964 1741 b.
996 1709 1113 1740 Fretus
1140 1710 1249 1743 divina

305 1748 466 1788 ingressus
493 1755 604 1782 contra
995 1762 1091 1796 atque
1117 1767 1257 1797 superna

309 1799 477 1835 tyrannum
503 1798 655 1839 Aegeam,
993 1804 1218 1838 misericordia

210 1883 230 1914 6
245 1891 274 1913 a.
306 1882 448 1914 Fortiter
897 1890 916 1920 6
931 1889 960 1920 b.
995 1890 1188 1931 Plebemque

253 1941 257 1945 ·
308 1934 428 1969 pugnat
454 1930 561 1967 biduo,
588 1941 708 1971 poenas
992 1939 1108 1970 docere
1134 1941 1262 1972 minime

305 1978 467 2010 exsultans
493 1983 525 2010 et
550 1981 692 2019 gaudens
992 1991 1106 2026 cessat,
1134 1991 1363 2023 commendans

303 2027 406 2057 crucis
432 2027 559 2066 tolerat,
993 2033 1061 2066 Deo
1087 2036 1219 2076 animas,

210 2111 227 2142 7
243 2120 271 2142 a.
304 2111 416 2143 Caelos
434 2116 606 2152 penetrans
622 2123 691 2145 cum
711 2115 810 2147 multa
896 2117 956 2151 7b.
990 2118 1054 2152 Ubi
1079 2121 1148 2153 sine
1174 2122 1236 2155 fine
1261 2126 1383 2166 gaudet

301 2159 533 2200 splendidaque
558 2161 671 2201 gloria,
991 2175 1060 2198 cum
1087 2171 1206 2202 sanctis
1231 2172 1264 2204 in
1290 2175 1425 2207 aethera!

540 2249 571 2280 8.
600 2247 750 2280 Laudans
776 2249 879 2282 Deum
903 2260 962 2291 per
986 2254 1124 2287 saecula.

258 2331 340 2357 Miss.
367 2340 420 2358 ms.
445 2332 475 2359 S.
503 2331 645 2368 Stephani
672 2334 862 2362 Divionensis
890 2344 964 2364 saec.
996 2336 1037 2364 15.
1073 2339 1143 2367 Cod.
1165 2341 1293 2371 Parisin.
1320 2343 1387 2373 879.
1410 2348 1444 2375 Α.
1466 2364 1508 2369 —·

181 2369 299 2396 Prosar.
319 2379 370 2396 ms.
392 2371 576 2398 Victorinum
598 2372 766 2400 Parisiense
787 2382 861 2402 saec.
887 2374 931 2402 15.
953 2376 1023 2403 Cod.
1046 2377 1173 2406 Parisin.
1198 2379 1305 2410 15105.
1331 2385 1363 2411 B.
1385 2400 1422 2404 —
1443 2385 1506 2422 21)7

180 2405 198 2434 3
222 2407 298 2434 caeli
319 2408 391 2435 fehlt
411 2410 443 2436 B.
466 2425 501 2428 —
523 2409 583 2443 3a,
613 2409 631 2437 2
651 2411 708 2445 Qui
729 2414 924 2441 committeret
943 2414 975 2442 Β.
997 2429 1034 2434 -
1055 2414 1118 2449 3a,
1145 2417 1163 2445 5
1184 2419 1306 2448 Galeam
1328 2422 1361 2450 B.
1383 2438 1421 2443 —
1444 2424 1507 2461 4b‚

181 2443 198 2472 2
215 2446 343 2482 repletus
363 2448 424 2475 AB.
444 2462 481 2467 —
502 2446 558 2482 4b‚
579 2447 598 2476 4
618 2449 726 2477 docens
745 2451 865 2478 Domini
886 2453 946 2480 AB.
972 2467 1009 2472 —
1031 2452 1086 2488 5a,
1108 2453 1126 2482 2
1145 2457 1270 2486 Demum
1291 2461 1327 2488 B.
