1655 2713
760 153 1020 188 —178—

230 258 273 291 12
285 266 314 292 a.
343 258 381 289 In
408 257 495 288 cuius
521 254 665 287 natalitio
919 250 962 282 12
973 249 1005 281 b.
1037 249 1082 282 Ut
1107 247 1175 279 eius
1201 245 1395 279 interventio

349 305 468 336 Nostra
492 306 581 343 petat
609 300 745 340 devotio,
1037 296 1104 328 Nos
1131 295 1236 328 solvat
1260 303 1280 327 a.
1306 293 1462 334 contagio.

305 391 386 417 Miss.
409 397 459 415 rns.
482 388 510 415 S.
533 385 732 413 Waldetrudis
747 383 911 411 Montensis
926 390 1002 410 saec.
1026 379 1069 408 15.
1086 380 1156 407 Cod.
1172 379 1342 407 Bruxellen.
1356 379 1395 406 11.
1410 374 1495 405 2663.
1514 390 1552 395 —

229 428 371 456 Melodie:
394 427 541 454 Interni
563 425 652 452 festi
674 423 822 459 gaudia.

641 554 700 585 193.
743 554 784 584 De
806 555 915 584 sancta
936 551 1124 582 Katharina.

257 649 313 681 121.
345 647 552 684 Katllarinae,
942 643 958 675 1
973 642 1004 675 b.
1035 640 1271 682 Quinquaginta

395 694 551 734 gloriosae
578 693 704 733 virgini,
1084 698 1166 729 quae
1193 688 1311 719 devicit
1336 687 1495 726 doctores,

349 742 460 774 Totius
1037 738 1097 776 Qui
1124 736 1258 768 credunt

393 790 514 830 gratiae
539 788 650 819 lumini
1086 790 1115 816 et
1143 784 1221 816 fiunt
1248 787 1405 822 martyres

445 837 614 868 Cantemus
641 835 821 875 praeconia.
1136 833 1196 864 Per
1222 832 1303 872 ignis
1329 830 1481 862 incendia

259 925 321 957 2a.
352 924 450 962 Virgo
477 923 611 961 capitur,
948 919 1009 953 2b.
1042 920 1134 951 Hanc
1161 918 1308 950 Christus
1334 917 1435 957 pavit.

355 971 482 1010 Flagris
509 970 653 1001 caeditur
1041 967 1134 998 Hanc
1160 966 1323 1006 visitavit3

356 1018 397 1049 Et
424 1019 455 1048 in
483 1026 642 1048 carcerem
669 1016 809 1047 truditur
1043 1016 1130 1047 Haec
1144 1022 1239 1054 prece
1254 1018 1342 1045 rotas
1367 1013 1555 1054 prostravit,

403 1065 455 1096 Ad
482 1065 566 1104 regis
591 1064 736 1103 imperia.
1090 1062 1176 1101 Quae
1202 1064 1385 1093 straverunt
1411 1061 1511 1095 milia.

261 1153 321 1184 3a.
353 1151 430 1182 Mox
455 1151 542 1189 virgo
570 1150 781 1189 decapitatur,
946 1148 1007 1182 3b.
1039 1149 1149 1180 Oleum
1176 1156 1214 1179 ex
1241 1148 1313 1187 ipsa
1338 1151 1459 1188 manat,

354 1198 420 1229 Lac
445 1197 524 1237 fluit,
553 1198 656 1228 Veni
681 1200 836 1235 cantatur,
1039 1196 1130 1234 Quod
1146 1195 1254 1235 plures
1267 1195 1435 1235 languidos
1449 1198 1552 1235 sanat,

354 1245 395 1277 Et
425 1255 538 1284 corpus
564 1245 594 1276 in
615 1245 690 1277 Sina
716 1248 863 1284 portatur
1041 1246 1069 1275 A
1091 1242 1179 1275 faece
1198 1251 1279 1282 quae
1289 1252 1385 1282 prece
1395 1243 1555 1282 perducat

402 1294 463 1325 Per
487 1302 598 1325 manus
625 1292 794 1332 angelicas.
1090 1291 1157 1322 Nos
1184 1291 1225 1322 ad
1252 1291 1345 1322 sedes
1373 1291 1520 1325 caelicas.

314 1378 398 1405 Miss.
419 1386 471 1403 ms.
488 1377 718 1404 Gemmeticense
740 1377 808 1403 anni
830 1373 912 1403 1495.
928 1376 997 1403 cod.
1013 1375 1206 1412 Rotomagen.
1220 1374 1286 1403 301.
1309 1375 1373 1402 add.
1389 1383 1464 1403 saec.
1482 1372 1556 1402 ¹⁶s16.

646 1525 706 1556 194.
748 1526 790 1557 De
814 1527 923 1557 sancta
947 1525 1137 1557 Katharina.

263 1617 321 1650 la.
352 1616 492 1656 Virginis
518 1615 668 1654 obsequio
950 1615 1010 1649 1b.
1041 1616 1192 1650 Cordium
1220 1616 1348 1648 devotio

358 1664 555 1695 Katharinae
581 1663 696 1703 gaudio
1042 1664 1179 1704 Fragret
1206 1664 1266 1696 Dei
1292 1663 1369 1704 filio,

358 1711 479 1743 Psallat
506 1714 572 1742 tota
598 1712 702 1742 contio
1041 1712 1196 1743 Deleatur
1221 1712 1297 1744 livio

405 1759 600 1792 Clericorum
615 1770 622 1797 3
1091 1761 1311 1794 peccatorum.

264 1846 323 1878 2a.
354 1844 434 1883 Ave,
462 1844 550 1884 virgo
577 1844 673 1884 regia,
952 1845 1012 1879 2b.
1044 1845 1102 1878 Cui
1129 1845 1247 1877 foetent
1277 1847 1453 1889 daemonia,

359 1891 446 1923 Costi
473 1892 555 1931 regis
579 1890 655 1927 filia,
1047 1893 1163 1926 Sordet
1189 1895 1351 1934 idolatria,

358 1940 454 1972 Cuius
480 1939 580 1979 pollet
606 1940 709 1979 gratia
1045 1941 1161 1981 Fulget
1186 1943 1219 1973 in
1245 1942 1381 1975 ecclesia

406 1987 592 2020 Sanctitate.
1093 1989 1256 2021 Claritate.

265 2075 324 2106 3a.
355 2074 436 2114 Ave,
464 2073 559 2112 plena
586 2073 695 2112 copiae
951 2074 1013 2106 3b.
1044 2075 1114 2106 Lux
1139 2075 1246 2108 illuxit
1272 2077 1396 2117 gratiae

360 2120 476 2152 Sensus
503 2123 535 2151 et
560 2120 724 2160 audaciae,
1047 2123 1108 2155 Per
1133 2128 1175 2163 te,
1202 2124 1330 2165 victrix,
1359 2126 1464 2167 hodie,

360 2169 427 2208 Qua
453 2167 560 2200 floruit
589 2168 722 2208 sophiae
1044 2171 1108 2202 Per
1134 2176 1166 2203 te
1195 2172 1291 2213 digna
1317 2175 1429 2207 veniae

406 2216 604 2258 Disciplina3
1094 2219 1148 2250 Fit
1174 2221 1292 2261 regina.

268 2305 328 2336 4a.
359 2304 440 2342 Ave,
466 2303 621 2343 splendor
646 2301 733 2342 fidei,
953 2304 1018 2340 4b.
1048 2305 1224 2339 Firmatrix
1251 2313 1381 2342 nostrae
1407 2312 1476 2351 spei

359 2351 429 2383 Non
458 2351 573 2383 cedens
599 2350 700 2383 rabiei
1049 2353 1099 2386 Sis
1125 2364 1231 2387 coram
1259 2361 1335 2389 nato
1361 2358 1422 2391 Dei

359 2399 528 2431 Tortorum
554 2408 656 2440 neque
682 2399 744 2431 Dei
1049 2401 1270 2436 Reconcilians
1297 2406 1325 2437 ei

409 2447 570 2488 Linquens
596 2448 697 2489 legem
710 2459 717 2487 ;
1097 2450 1194 2483 Suum
1222 2462 1360 2494 gregem.
