1655 2713
172 244 200 276 -5
213 252 243 276 a.
279 242 358 276 Cum
383 247 532 277 sacratur

324 300 421 323 manu
444 292 618 333 pontificis,
657 286 667 298 '

276 338 381 381 Super
406 345 503 380 caput

325 391 355 419 et
382 395 505 420 comam
529 389 659 421 verticis

325 434 448 468 Globus
474 444 581 468 coram

373 483 540 516 descendit
567 485 688 525 igneuS,

168 561 242 594 ·6a.
279 559 323 592 Ut
347 559 379 591 in
407 559 527 592 Christi

296 606 435 648 profecit
465 610 613 650 gratiam,

275 656 498 690 Praemonitus

324 705 409 736 redit
433 705 466 737 in
493 706 642 747 patriam,

322 753 496 792 Insignitas

368 801 477 833 multis
504 802 688 844 miraculis;

174 878 238 911 Ya.
274 878 351 910 Post
379 883 511 918 peracta

319 927 405 958 vitae
432 927 593 959 curricula

272 974 408 1006 Sanctus
434 975 523 1007 nulla

321 1031 513 1063 conspersus
539 1024 674 1063 macula,

321 1070 390 1102 Deo
417 1071 548 1111 placens

367 1123 398 1151 et
425 1119 536 1151 vivens
563 1120 678 1160 hostia,

166 1196 235 1229 ea.
270 1196 298 1229 Ο
326 1196 451 1236 Brioce,

318 1248 431 1284 pastor
457 1245 594 1287 egregie,

266 1293 358 1324 Audi
386 1293 526 1325 clemens

318 1345 392 1373 vota
417 1340 570 1384 familiae,

318 1389 518 1421 Delictorum

365 1438 542 1478 implorans
570 1439 706 1472 veniam.

799 149 845 185 89

879 246 940 280 5b.

876 563 937 596 6b.

878 880 942 914 7b.

874 1198 937 1231 8b.

979 246 1076 278 Cuius
1102 246 1174 278 luce

1023 298 1109 326 totus
1134 295 1311 337 incanduit,

974 342 1016 374 Et
1042 342 1125 374 sicut
1150 343 1197 374 sol

1021 391 1127 422 vultus
1155 391 1355 430 resplenduit

1022 439 1116 470 Miris
1143 439 1246 471 modis

1068 487 1198 518 effectus
1224 487 1398 520 flammeus.

977 564 1039 596 Per
1067 563 1263 600 defunctum.

1018 621 1110 652 quem
1138 614 1222 644 vitae
1247 613 1402 648 reddidit,

973 660 1068 691 Plebs
1095 661 1209 692 timore

1020 718 1174 740 concussa
1201 709 1353 747 credidit,

1019 757 1077 788 Est
1106 762 1235 797 recepta

1068 804 1149 836 fides
1176 806 1208 836 in
1238 806 1378 846 populis

978 881 1103 921 Corpus
1130 891 1220 913 suum

1021 929 1154 961 dissolvi
1181 930 1365 969 praesciens

971 977 1178 1010 Eucharistia

1019 1035 1054 1057 se
1080 1027 1306 1066 praemuniens

1020 1074 1194 1114 Susceptus
1221 1079 1270 1105 est

1068 1123 1099 1153 in
1128 1123 1207 1154 caeli
1236 1123 1347 1162 gloria.

975 1200 1152 1239 Interpella

1018 1257 1076 1287 pro
1103 1248 1195 1279 nobis
1223 1248 1407 1290 Dominum,

971 1296 1015 1328 Ut
1039 1297 1181 1327 remittat

1019 1353 1145 1376 errores
1171 1345 1339 1376 criminum

1018 1394 1059 1425 Et
1086 1397 1247 1424 aeternam

1065 1441 1209 1473 conferat
1237 1442 1382 1482 gloriam.

222 1515 308 1542 Miss.
332 1515 493 1543 Briocense
519 1517 588 1552 imp.
613 1516 792 1553 Rothomagi
814 1525 837 1543 s.
859 1526 885 1544 a.
910 1515 1040 1553 [1502‘2].
1063 1518 1097 1544 A.
1121 1532 1155 1536 -—
1179 1519 1262 1544 Miss.
1284 1518 1486 1545 Maelovicnse

138 1554 215 1590 imp.
236 1553 416 1589 Rothomagi
440 1552 522 1581 1503.
539 1555 571 1581 Β.
594 1569 630 1573 -
655 1553 708 1588 2b‚
733 1555 746 1583 l
767 1557 889 1583 Briocus
905 1557 938 1583 A.
960 1571 996 1574 —
1018 1556 1072 1589 4b,
1093 1554 1110 1582 2
1131 1556 1178 1583 hic
1194 1566 1265 1591 puer
1281 1558 1315 1584 A.
1338 1571 1373 1575 -
1395 1556 1446 1589 5a,
1470 1556 1486 1583 5

143 1592 260 1620 Globus
291 1592 411 1628 quidam
439 1593 473 1620 B.
500 1607 537 1612 —
565 1592 625 1626 5b,
651 1592 670 1621 4
698 1594 849 1630 splenduit
874 1595 907 1622 Α.
939 1609 976 1613 -
1003 1594 1059 1627 6a,
1091 1594 1109 1622 4
1139 1595 1226 1622 rediit
1252 1596 1285 1622 A.
1316 1610 1352 1614 —
1380 1594 1437 1625 Ta.
1473 1594 1484 1622 1

138 1634 285 1666 praeacta
307 1632 341 1658 A.

599 1717 647 1748 90.
688 1717 730 1749 De
752 1719 865 1750 sancta
887 1717 1032 1750 Caecilia.

593 1800 623 1831 1.
653 1798 746 1830 Victo
771 1799 883 1831 mundi
909 1799 1034 1832 lubrico

648 1846 776 1879 Gaudio
801 1848 933 1880 uranico

697 1895 832 1928 Fruitur
856 1898 1008 1930 Caecilia.

159 1973 226 2006 221.
263 1972 474 2013 Concupitam
500 1973 609 2014 specie

261 2021 332 2053 Rex
359 2025 491 2054 coronat
517 2022 623 2060 hodie.

310 2069 460 2102 Gaudeat
485 2071 632 2112 ecclesia,

156 2147 226 2181 3³.
264 2147 382 2188 Sponsi
408 2157 498 2180 mora
522 2149 632 2181 taedio

261 2195 466 2228 Dormitante
493 2197 600 2230 medio

311 2244 414 2277 Nocte
441 2255 502 2279 vox
527 2245 563 2278 fit
589 2246 721 2280 nuntia:

162 2322 223 2356 4a.
260 2321 352 2354 Haec
376 2331 496 2363 sponso
523 2324 676 2356 eximitur

260 2370 304 2403 Et
330 2371 456 2404 lumbos
483 2373 718 2414 praecingitur,

309 2419 365 2452 Fit
389 2429 544 2461 processu
571 2430 728 2462 prospero

310 2469 511 2502 Prudentum
536 2469 570 2502 in
599 2479 743 2504 numero,

862 1975 925 2008 2b.

866 2150 928 2184 3b.

864 2325 927 2358 4b.

970 1976 1048 2007 Eius
1076 1980 1109 2007 ut
1135 1976 1256 2009 auxilio

959 2026 987 2056 A
1016 2025 1126 2057 mundi
1154 2026 1268 2058 exsilio

1010 2073 1169 2105 Perenuet
1195 2075 1227 2106 in
1255 2077 1370 2115 putria.

962 2150 1024 2191 En,
1051 2161 1188 2192 sponsus
1216 2155 1433 2194 progreditur.

963 2199 1045 2232 Dum
1098 2210 1249 2233 occursus
1276 2203 1421 2245 sumitur,

1011 2249 1170 2289 Properat
1195 2251 1365 2285 industria.

961 2325 1165 2358 Praecellens
1192 2327 1373 2367 amictibus,

960 2373 1125 2414 Fragrans
1151 2376 1360 2417 aromatibus,

1008 2423 1123 2464 Mirra,
1150 2428 1251 2466 gutta,
1279 2426 1383 2458 cassia

1010 2471 1135 2511 Sponso
1163 2473 1250 2504 venit
1273 2473 1380 2508 obvia.
