1655 2713
711 202 758 209 -—-
810 181 876 216 102
909 200 972 206 --—

649 277 707 308 104.
749 276 791 306 De
813 276 920 306 nancto
941 272 1061 313 (lyrico.

217 358 274 389 la.
308 357 390 389 Puer
416 361 507 387 natus
533 359 579 385 est
607 353 752 392 cyricus,
898 351 914 383 1
931 349 961 382 b.
995 349 1076 380 Vere
1101 356 1192 388 puer,
1220 346 1323 378 Deum
1351 354 1460 377 verum

311 404 406 435 Cuius
430 403 508 434 ordo
535 402 671 433 caelicus
991 396 1154 429 Christum
1180 403 1315 435 sequens
1341 402 1474 437 puerum

355 451 477 482 Laudat
504 449 693 489 puerperia3
1042 444 1145 476 Senex
1172 443 1203 474 in
1231 441 1378 476 infantia.

213 535 270 565 2a.
302 533 387 564 Miro
424 531 518 561 modo
552 530 651 569 legem
686 528 813 565 docens,
899 526 960 559 2b.
991 525 1141 557 Nondum
1167 524 1340 556 iuventutis
1365 522 1452 566 flore,

305 578 499 611 Nocentibus
524 577 685 618 innocens,
994 574 1094 606 Immo
1120 573 1213 605 lactis
1239 577 1384 613 tempore

356 625 550 658 Praedicans
577 625 737 665 caelestia,
1041 621 1176 653 Tractus
1203 620 1244 651 ad
1271 619 1442 660 supplicia.

213 710 272 741 3a.
304 707 413 740 Infans
437 708 486 738 vir
513 707 670 746 Israelita,
896 704 960 737 3b.
991 704 1114 743 Dogma
1140 711 1288 742 promens
1315 701 1462 741 spiritale

307 756 402 788 Cuius
428 756 571 794 genetrix
599 755 706 786 lulitta
992 751 1110 783 Natum
1138 750 1238 782 trahit
1263 749 1305 781 ad
1331 749 1438 781 natale

355 803 489 843 Nobilis,
516 802 666 842 propitia,
1035 799 1142 830 Morte
1169 798 1287 830 Christi
1314 797 1455 837 praevia.

212 887 273 917 4a.
306 885 402 916 Cuius
428 893 511 914 mors
539 883 645 922 Cyrici
671 883 746 919 vita,
899 880 960 914 4b.
992 882 1077 912 Ante
1103 886 1228 919 tempus
1254 880 1442 910 meritorum

309 932 390 963 Dum
418 940 476 971 per
501 935 634 962 mortem
653 931 751 961 intrat
769 930 815 961 ita
994 928 1071 960 Dies
1098 928 1202 964 lactis,
1231 927 1299 958 dies
1325 925 1438 958 florum

360 980 448 1011 Vitae
475 979 629 1010 natalitia.
1040 977 1178 1008 Fructus
1204 974 1312 1006 ferunt
1338 974 1490 1014 praemia.

213 1064 270 1093 53.
306 1061 395 1091 Felix
423 1065 534 1099 mater,
561 1058 638 1090 felix
663 1065 765 1097 natus,
902 1058 962 1090 :3b.
995 1057 1187 1089 Sustinendo
1214 1057 1384 1097 patientes,

310 1108 380 1139 Non
407 1108 554 1138 timentes
581 1107 748 1144 cruciatus,
995 1106 1158 1137 Patienter
1183 1105 1376 1135 sustinentes

355 1155 417 1186 Sed
441 1164 499 1194 pro
522 1154 583 1185 fide
598 1154 717 1186 Christi
732 1153 815 1185 bella
1044 1154 1183 1189 Famem,
1204 1151 1304 1192 frigus
1318 1156 1348 1182 et
1362 1150 1501 1193 flagella,

217 1238 276 1269 6a.
310 1236 450 1267 Tandem
470 1239 601 1266 mortem
620 1234 812 1275 pretiosam3
898 1235 917 1266 6
930 1233 959 1267 b.
993 1234 1087 1273 Ecce,
1107 1242 1190 1264 nunc
1204 1237 1330 1273 tempus
1345 1241 1501 1274 rosarum,

309 1284 356 1315 lta
383 1283 527 1316 Christus
554 1291 626 1313 rosa
652 1291 756 1312 rosam
993 1281 1034 1314 Ut
1061 1281 1103 1312 ad
1129 1280 1261 1320 gloriam
1289 1289 1397 1312 earum

357 1331 447 1370 Legit
475 1331 514 1361 ad
538 1330 695 1361 caelorum
715 1334 810 1360 serta.
1042 1329 1106 1360 Nos
1132 1328 1245 1360 invitet
1271 1327 1352 1360 fides
1379 1333 1478 1362 certa.

218 1413 274 1445 73.
309 1412 334 1443 O
361 1410 480 1451 felices,
507 1419 524 1441 o
551 1410 646 1442 beati.
902 1409 960 1443 71),
997 1410 1114 1448 1gnem,
1143 1408 1274 1448 ferrum,
1303 1409 1503 1440 diversorum

311 1459 368 1497 Qui
395 1468 453 1498 pro
472 1458 600 1489 Christo
626 1467 720 1497 passo
746 1457 812 1496 pati
993 1457 1164 1496 Exquisita
1189 1461 1433 1498 tormentorum,

357 1506 541 1537 Meruerunt
568 1506 661 1537 talia:
1038 1505 1091 1536 Ad
1119 1510 1251 1536 mortem
1277 1504 1416 1546 flagitia!

215 1589 277 1621 83.
307 1586 520 1619 Sacramentis
555 1586 692 1617 nondum
725 1586 814 1617 novis
900 1585 961 1620 81).
993 1587 1057 1617 Iste
1084 1595 1164 1625 puer
1189 1590 1312 1625 martyr
1339 1595 1472 1626 magnus

310 1636 392 1667 Istos
418 1635 543 1673 signant
569 1643 667 1673 agnus
694 1634 761 1665 ovis
994 1635 1090 1672 Quasi
1117 1634 1196 1673 legis
1222 1643 1313 1665 sacer
1335 1643 1434 1674 agnus

357 1682 538 1721 Eorumque
563 1682 701 1712 victima.
1042 1681 1102 1713 Die
1127 1682 1380 1721 quartadecima.

215 1765 278 1796 93.
311 1764 390 1794 Item
418 1763 504 1793 iuxta
530 1763 608 1802 legis
635 1762 746 1794 foedus
898 1762 959 1795 91).
992 1764 1102 1802 Agnus
1136 1762 1295 1803 figurabat
1331 1764 1506 1806 Christum,

314 1811 412 1841 Istum
432 1819 541 1841 caesus
560 1810 664 1849 signat
682 1810 813 1852 hoedus,

359 1858 454 1888 Istam
481 1856 550 1889 rufa
580 1858 694 1895 vitula;

997 1811 1142 1842 Christus
1169 1821 1284 1851 agnum
1303 1810 1379 1842 fecit
1398 1813 1507 1849 istum,

1045 1860 1171 1899 Agnum
1198 1859 1266 1890 sine
1293 1860 1427 1893 macula.

197 1940 239 1972 10
255 1948 283 1972 3.
315 1938 375 1970 Hic
399 1947 497 1978 agnus
521 1938 688 1975 occiditur,

314 1986 372 2024 Qui
399 1995 467 2016 cum
494 1994 551 2016 ove
578 1986 720 2024 sequitur

359 2036 483 2073 Agnum
510 2037 583 2063 ante
609 2034 754 2074 saecula3

881 1939 964 1972 10b.
1000 1939 1052 1970 Sic
1079 1944 1210 1971 currunt
1235 1941 1277 1972 ad
1305 1941 1427 1979 bravia,

998 1990 1136 2025 Quorum
1164 1987 1242 2019 haee
1268 1989 1435 2022 sollemnia

1047 2035 1169 2066 Recolit
1197 2037 1342 2070 ecclesia.

580 2115 633 2147 11.
660 2115 779 2146 Eorum
807 2115 984 2147 constantia

662 2162 806 2194 Gratiam
833 2172 901 2194 cum
928 2163 1027 2203 gloria

712 2210 812 2242 Nobis
838 2216 990 2250 praestet
1018 2212 1168 2246 Alleluia

271 2291 391 2326 Antiph.
413 2294 441 2318 et
462 2291 549 2318 Grad.
571 2300 624 2318 ms.
636 2291 817 2318 Nivernense
839 2299 914 2319 saec.
939 2290 980 2318 12.
996 2292 1066 2320 Cod.
1082 2293 1209 2320 Parisin.
1225 2295 1319 2321 Nouv.
1342 2304 1396 2331 aeq
1399 2296 1512 2326 1.235.

195 2329 260 2356 add.
283 2338 359 2356 saeC.
383 2328 425 2356 14.
446 2330 479 2356 A.
501 2344 538 2348 —
557 2330 640 2356 Miss.
662 2330 842 2357 Nivemense
864 2331 933 2366 imp.
954 2331 1078 2358 Parisiis
1103 2330 1184 2359 1490.
1208 2334 1238 2359 Β
1260 2348 1296 2352 -—
1321 2333 1379 2366 la,
1410 2333 1428 2362 2
1449 2346 1514 2364 cae-

198 2369 268 2395 litus
289 2368 322 2394 B.
343 2383 379 2387 —
404 2366 464 2399 la,
490 2367 552 2404 31,
534 2369 720 2404 puerperium
745 2369 774 2395 B.
796 2383 833 2386 —
857 2367 918 2401 lb,
948 2368 961 2396 l
990 2379 1091 2397 verum
1113 2370 1208 2397 Deum
1232 2372 1266 2399 B.
1289 2388 1324 2392 —
1348 2371 1410 2406 lb,
1437 2373 1454 2403 3
1476 2376 1513 2403 ab

198 2407 321 2434 infantia
342 2408 373 2434 B.
399 2423 434 2426 —
457 2404 557 2439 21),1
579 2406 716 2434 Nundum
738 2407 773 2433 A.
795 2421 830 2426 —-
851 2405 913 2440 3b‚
934 2405 952 2435 3
972 2408 1055 2435 More
1076 2410 1110 2436 A.
1131 2423 1164 2427 -
1189 2408 1291 2443 5a,1
1314 2416 1401 2439 natus
1423 2414 1456 2441 B.
1479 2429 1514 2434 -

196 2446 251 2477 83,
276 2444 287 2472 1
312 2445 449 2472 mundum
466 2446 500 2472 A.
522 2459 560 2464 —
580 2443 637 2478 8b,
662 2444 675 2472 1
697 2449 789 2473 mater
809 2453 933 2482 magnus
954 2446 986 2474 B.
1001 2461 1038 2465 —
1060 2445 1114 2480 93,
1132 2445 1340 2484 2signant13.
1368 2451 1514 2483 Melodie:

195 2484 261 2511 Per
287 2485 398 2512 unius
425 2493 550 2511 casum
577 2485 697 2520 grani.
