1655 2713
672 158 910 194 -49-

147 250 214 283 221.
243 249 337 288 Quod
363 252 507 285 Antonio
532 255 686 296 ostendit,

243 297 381 337 Quando
407 302 559 334 mundum
587 303 760 343 vilipendit

293 347 462 388 Appetens
489 351 641 383 caelestia
653 360 661 392 ;

147 438 212 470 3³.
244 438 389 470 Mundus
416 439 586 472 subiacens
613 441 724 484 ruinis,

247 486 345 518 Cuius
370 485 496 519 fraudis
523 498 586 520 non
613 494 662 521 est
679 489 762 534 finis,

291 534 343 566 Ab
371 543 408 567 eo
436 536 618 576 deseritur3

147 627 167 657 4
184 634 214 659 a.
248 625 372 658 Cuncta
398 628 524 667 respuit
549 631 690 668 terrena,

243 675 322 707 Cum
342 675 423 707 haec
439 677 504 707 sint
523 677 634 708 dolore
652 678 759 718 plena,

291 724 380 763 Quae
388 726 758 766 suntsursum,sapiens;

148 811 168 841 5
184 818 214 842 a.
247 809 307 842 Cui
333 811 427 850 panis
453 811 644 850 destinatur,

242 856 326 888 Dum
354 858 387 888 in
413 867 520 890 eremo
547 864 700 900 moratur,

291 906 341 938 De
367 905 449 937 caeli
474 906 608 947 palatio,

143 992 209 1024 6a.
243 991 297 1023 Nil
325 991 425 1023 amori
453 991 704 1032 praeferendum

243 1039 326 1071 Esse
352 1039 414 1071 Dei
441 1041 672 1072 consulendum

288 1087 389 1119 Duxit
416 1088 502 1120 inter
528 1094 647 1128 cetera,

149 1222 167 1254 7
183 1231 213 1254 a.
245 1222 369 1254 Inscios
396 1221 472 1254 fecit
499 1223 688 1263 prudentes,

241 1271 433 1303 Consolatus
460 1275 510 1303 est
537 1272 682 1303 dolentes

291 1319 407 1351 Verbis
433 1320 499 1351 suis
522 1320 672 1362 mitibus3

141 1406 161 1438 8
177 1415 207 1439 a.
241 1405 415 1438 Morbidus
440 1406 524 1446 ignis
551 1405 692 1447 fugatur,

238 1454 374 1486 Morbus
403 1455 510 1486 varius
538 1460 669 1486 curatur

288 1503 369 1534 Eius
396 1512 456 1542 per
481 1503 612 1536 auxilia.

240 1588 347 1621 Infert
373 1589 402 1620 ei
430 1590 591 1621 cruciatus

237 1637 281 1669 Et
309 1637 456 1668 diversos
481 1638 639 1677 cogitatus

285 1686 444 1718 Sordidos
470 1685 631 1725 insonuit3

140 1590 209 1622 9a.

117 1773 161 1806 10
176 1782 204 1804 a.
238 1772 327 1805 Ordo
355 1774 460 1812 poscit
485 1772 631 1814 rationis,

235 1821 328 1860 Quod
356 1825 507 1853 aeternae
533 1821 709 1853 mansionis

285 1870 511 1910 Consequatur
536 1870 682 1910 gloriam,

112 1957 157 1990 11
174 1966 205 1992 a.
238 1957 337 1999 Ecce,
364 1956 438 1989 finis
465 1958 550 1989 vitae
577 1958 682 1995 datur,

233 2006 278 2038 Et
303 2006 355 2037 vir
380 2005 441 2038 Dei
469 2006 628 2038 liberatur

282 2054 332 2087 De
358 2063 432 2086 mun
438 2054 471 2087 di
497 2053 638 2087 fallacia.

111 2142 156 2175 12
170 2151 200 2176 a.
234 2142 296 2183 En,
323 2142 355 2174 in
384 2142 474 2174 caelo
501 2141 690 2182 collocatur,

235 2190 437 2224 Collocatum
465 2193 638 2223 veneratur

283 2238 442 2272 Caelestis
469 2238 611 2280 familia3

109 2327 155 2361 13
168 2336 199 2361 a.
230 2327 257 2360 Ο
280 2327 415 2367 Antoni,
441 2325 501 2359 flos
528 2327 657 2366 decore,

233 2376 283 2408 Tu
309 2385 367 2408 nos
393 2375 516 2408 Christi
542 2375 576 2407 in
601 2382 711 2406 amore

232 2425 302 2458 Fac
328 2424 458 2456 fervere
483 2427 516 2456 te
543 2424 677 2456 ductore

280 2473 390 2513 Atque
416 2476 530 2505 saneto
555 2471 705 2514 flamine3

165 2531 206 2554 131
220 2538 314 2560 uma,
331 2530 502 2560 Sequentiae
518 2530 656 2553 Ineditao.
688 2528 736 2552 1x.

842 255 909 290 2b.
943 254 1088 296 Corpore
1123 255 1198 286 dum
1226 254 1312 286 humi
1338 254 1454 295 tendit,

939 302 1003 335 Sed
1039 306 1145 335 mente
1176 302 1282 334 caelos
1308 303 1456 334 ascendit

990 351 1111 392 Magna
1137 359 1206 382 eum
1234 351 1405 383 modestia.

851 445 870 477 3
886 443 917 476 b.
949 443 1013 475 Sed
1039 453 1058 475 a
1083 442 1233 474 laudibus
1260 442 1378 473 divinis

945 491 1056 531 Neque
1082 499 1178 531 prece
1203 499 1305 530 neque
1332 490 1425 521 minis

990 540 1047 571 Vir
1074 539 1135 571 Dei
1161 540 1348 571 conteritur.

844 630 912 662 4b.
944 631 1035 669 Quod
1062 631 1094 662 in
1122 631 1211 662 caelo
1229 630 1293 661 sint
1311 639 1454 669 amoena,

941 678 1031 718 Quod
1058 687 1118 709 nee
1143 678 1187 709 ibi
1211 682 1321 718 regnet.
1340 687 1453 718 poena.v

991 726 1075 757 Pura
1103 729 1208 757 mente
1235 727 1375 767 cupiens.

845 813 863 844 5
880 811 909 844 b.
942 814 1011 850 Quo
1038 812 1087 843 vir
1114 812 1174 843 Dei
1201 812 1337 843 satiatur

942 859 1011 890 Nec
1036 859 1076 890 ab
1103 868 1140 891 eo
1167 860 1239 899 plus
1267 864 1398 892 curatur

988 907 1107 939 Divino
1133 907 1262 939 solacio.

843 995 862 1026 6
879 993 909 1025 b.
943 993 1028 1024 Filio
1055 993 1107 1033 qni
1135 1004 1196 1025 non
1224 995 1423 1033 parcendum

939 1041 1051 1080 Duxit,
1078 1042 1135 1074 sed
1163 1051 1221 1081 per
1239 1042 1321 1073 hunc
1342 1044 1450 1075 delen-

1168 1091 1240 1121 dum

990 1139 1181 1170 Peecamina
1206 1143 1325 1172 vetera.

841 1224 858 1256 7
876 1223 907 1256 b.
940 1224 1167 1257 Concordabat
1193 1225 1398 1264 dissidentes,

937 1272 1040 1304 Solvit
1066 1282 1199 1312 poenam
1228 1275 1388 1313 patientes

986 1323 1015 1353 A
1042 1322 1136 1353 malis
1162 1323 1341 1362 spiritibus.

839 1406 904 1441 8b.
937 1407 1048 1439 Hostis
1075 1407 1165 1449 furit,
1192 1408 1379 1447 indignatur

938 1455 980 1486 Et
1007 1455 1048 1486 ad
1075 1456 1155 1487 iram
1183 1461 1379 1495 provocatur

987 1503 1036 1535 Ob
1063 1504 1142 1535 haec
1169 1509 1199 1534 et
1226 1505 1353 1537 similia.

841 1591 860 1622 9
876 1589 906 1622 b.
938 1590 991 1622 Ab
1019 1590 1068 1621 his
1094 1594 1200 1621 tamen
1222 1600 1280 1630 per
1301 1596 1451 1630 precatus

937 1638 1005 1670 Deo
1034 1637 1120 1670 fusos
1147 1639 1196 1670 vir
1222 1639 1333 1670 beatus

988 1686 1135 1719 Liberari
1163 1688 1291 1719 meruit.

817 1774 858 1806 10
875 1773 906 1806 b.
938 1773 998 1812 Qui
1018 1774 1210 1813 contemptis
1228 1774 1339 1805 mundi
1358 1775 1450 1806 bonis

936 1821 1071 1861 Semper
1098 1822 1170 1853 Iesu
1196 1824 1355 1862 passionis

984 1870 1137 1902 Gesserat
1164 1872 1359 1903 memoriam.

816 1958 855 1990 11
876 1958 904 1990 b.
937 1958 990 1990 Ad
1018 1959 1125 1989 caelos
1152 1967 1222 1990 cum
1249 1963 1412 1994 evocatur,

938 2007 1015 2039 Cum
1041 2007 1160 2048 gaudio
1186 2013 1414 2047 praesentatur

986 2055 1055 2087 Deo
1083 2055 1141 2087 Dei
1169 2057 1283 2096 gratia.

814 2143 855 2175 12
873 2141 903 2176 b.
935 2145 1035 2180 Quem
1056 2151 1213 2181 rogemus,
1239 2143 1265 2174 si
1286 2146 1450 2184 peccatur,

936 2190 1027 2229 Quod
1055 2194 1222 2230 peccatum
1250 2191 1401 2222 abluatur

981 2239 1061 2270 Eius
1087 2248 1146 2278 per
1171 2240 1301 2271 auxilia.

939 2325 1006 2357 Nos
1032 2334 1203 2357 conserves
1230 2326 1261 2356 in
1289 2325 1409 2357 honore

935 2374 1070 2406 solvens
1097 2383 1117 2405 a
1144 2374 1201 2404 Dei
1230 2372 1339 2405 furore

935 2422 977 2454 Et
1005 2431 1024 2453 a
1051 2421 1215 2454 daemonis
1240 2426 1364 2454 terrore

982 2469 1103 2502 stricto
1128 2470 1188 2502 sub
1213 2471 1370 2504 examine.

1256 2525 1275 2554 4

817 2326 860 2359 13
876 2325 906 2358 b.
