1655 2713
677 154 931 189 —169—

506 244 566 275 183.
609 245 650 277 De
671 255 696 277 s.
720 246 843 280 Iuliano
866 249 1095 281 cenomanensi.

163 328 225 364 la.
257 329 382 363 Iuliane
407 332 519 366 inclite
865 340 925 375 lb,
956 340 1029 372 Tibi
1055 340 1174 381 psallat
1200 338 1307 371 debite

303 378 349 411 Et
374 382 558 420 praesulum
1002 390 1064 422 Per
1088 388 1249 420 saeculum

353 427 464 461 Omnis
491 434 632 472 caterva,
1049 437 1135 469 Gens
1150 436 1238 474 haec,
1253 446 1346 476 quam
1362 445 1465 469 serva.

158 513 221 546 2a.
253 512 389 556 Suscipe
414 525 499 549 nunc
525 518 578 558 pia
857 522 920 555 2b.
953 523 1053 555 Curas
1079 523 1227 555 ardentia

301 562 392 595 Haec
418 569 529 598 nostra
1001 571 1064 603 Hic
1089 572 1231 603 membra

351 611 499 645 Clemens
526 620 674 655 precata.
1052 619 1152 651 Prece
1178 619 1291 662 beata;

159 697 219 730 3a.
252 697 321 730 Tuo
346 700 512 739 praesidio
858 704 919 737 3b.
956 705 1018 737 Per
1044 710 1075 736 te
1101 706 1243 746 hospitio

302 746 467 780 Sanantur
492 750 615 790 aegroti
1001 754 1166 786 Foventur
1192 754 1292 794 ignoti

351 795 393 827 Et
420 798 637 840 energumini3
1048 801 1122 833 Sive
1149 802 1324 842 peregrini.

158 881 219 915 4a.
251 881 358 921 Pater,
386 883 525 915 omnium
551 885 687 917 crimina
852 885 919 920 4b.
953 887 1152 928 Subiungant
1180 889 1267 928 pium
1296 890 1423 930 agmina

299 930 361 961 Per
386 934 418 962 te
444 931 508 963 sint
535 932 684 972 dempta3
993 935 1098 967 Amen
1130 937 1308 976 redempta.

208 1014 291 1041 Miss.
318 1015 539 1044 Cenomanense
567 1018 608 1044 im
632 1038 636 1043 .
659 1018 785 1045 Parisiis
820 1017 902 1046 1494.
923 1021 955 1046 A.
979 1034 1016 1038 —
1037 1022 1118 1047 Miss.
1141 1022 1363 1050 Cenomanense
1393 1024 1460 1059 imp.

128 1051 256 1079 Parisiis
285 1051 365 1080 1517.
396 1055 429 1081 Β.
452 1070 488 1074 -
510 1053 570 1087 23,
644 1057 684 1083 Et
709 1060 810 1084 nostra
831 1058 891 1084 AB.
914 1072 951 1076 —
972 1059 1014 1085 Zu
1035 1061 1092 1086 Str.
1125 1058 1182 1091 la,
1210 1060 1256 1087 ‘la
1283 1070 1310 1087 u.
1336 1060 1384 1088 41>
1412 1062 1462 1088 cfr.

128 1088 188 1117 Str.
214 1089 273 1123 7a,
304 1090 349 1118 7b
371 1101 398 1119 u.
424 1091 457 1120 11
487 1102 540 1120 aus
568 1094 620 1121 der
641 1095 775 1129 Sequenz
799 1095 967 1131 „Christo
997 1098 1134 1125 inclita
1162 1098 1463 1131 ca11dida“(Anal.

128 1128 236 1163 Hymn.
258 1130 324 1162 VII,
347 1131 398 1158 Nr.
422 1129 494 1165 118).

492 1273 553 1304 184.
597 1274 638 1305 De
660 1283 699 1306 ss.
721 1274 844 1307 lustina
867 1278 898 1307 et
921 1276 1087 1317 cypriano.

604 1366 636 1398 1.
663 1365 842 1398 Laetentur
868 1367 991 1399 viscera

662 1413 759 1447 hodie
785 1418 908 1455 nostra,

145 1499 209 1533 2a.
241 1498 369 1530 Fulcita
395 1499 498 1539 gloria
845 1501 907 1535 2b.
942 1503 1084 1543 Virginis
1112 1504 1254 1536 Iustinae

242 1549 352 1578 tantae
378 1547 614 1591 sollemnitatis,
943 1550 1123 1593 [h]0rtante
1150 1553 1335 1586 certamine.

142 1633 203 1666 3a.
234 1633 335 1672 Quam
363 1634 586 1675 cunctipotens
612 1645 669 1668 rex
842 1638 905 1671 3b.
940 1639 983 1672 Ut
1011 1643 1139 1671 terreno
1167 1645 1276 1679 spreto

238 1681 283 1714 ita
311 1691 367 1714 suo
939 1687 1060 1719 Christi
1086 1696 1156 1719 sese

238 1730 393 1762 adnexuit
420 1731 526 1771 lateri,
936 1735 1073 1767 adderet
1099 1737 1270 1769 consortio.

140 1818 202 1850 4a.
234 1817 435 1851 Thesaurum
461 1818 494 1850 in
521 1817 622 1852 fundo
842 1821 903 1854 4b.
939 1821 1079 1862 Spiritus
1106 1823 1214 1863 gladio

234 1866 315 1898 haec
341 1871 418 1900 nata
936 1879 1085 1903 resecans

235 1915 438 1948 reconditum
465 1917 594 1956 exemit,
937 1919 1015 1951 vitia
1042 1920 1197 1952 nutantia.

140 1998 203 2032 5a.
234 1997 331 2030 Cuius
357 2002 451 2039 pater
477 1999 601 2033 meritis
839 2001 904 2035 5b.
938 2002 1033 2034 Cuius
1061 2003 1162 2035 hostis
1190 2004 1312 2036 meritis

236 2046 360 2079 Christi
384 2047 501 2080 meruit
937 2051 1058 2084 Christi
1082 2052 1199 2084 meruit

234 2095 368 2128 visitatu
392 2095 540 2139 perfrui3
936 2098 1024 2131 effici
1051 2100 1273 2141 pedissequus.

137 2177 199 2212 6a.
230 2177 256 2211 Ο
283 2178 375 2220 virgo
401 2177 527 2214 Iustina
836 2181 899 2215 6b.
932 2182 958 2214 Ο
986 2182 1116 2221 victrix,
1143 2183 1175 2214 in
1204 2183 1292 2215 caelo

232 2226 384 2267 gloriosa,
932 2240 1026 2270 quam
1054 2231 1249 2272 triumphat!

231 2284 326 2316 quam
354 2276 428 2309 dum
456 2277 545 2318 cupit
931 2279 1025 2321 Nam,
1054 2288 1147 2319 quem
1175 2280 1312 2319 primum

231 2333 342 2366 magus
369 2333 497 2368 capere,
932 2327 1045 2361 habuit
1070 2328 1239 2365 aemulum,

230 2371 316 2406 victo
338 2373 431 2407 hoste
931 2381 1006 2416 post
1032 2377 1149 2408 meruit

228 2429 267 2453 ac
293 2421 421 2455 demum
449 2423 586 2456 docente
932 2429 1058 2465 patrem
1086 2428 1117 2456 et
1144 2425 1264 2457 socium
1293 2426 1325 2458 in

232 2469 353 2504 Christi
379 2471 465 2504 vires
488 2475 603 2513 captus
629 2474 689 2506 est.
930 2472 1080 2514 passione
1106 2473 1229 2507 inclita.
