1655 2713
744 166 1003 201 -184—

570 298 639 327 202.
680 297 720 328 De
742 298 851 329 sancto
872 297 1001 329 Kiliano
1022 300 1054 329 et
1074 298 1178 330 sociis.

729 387 758 420 1.
788 387 863 420 Pari
890 392 1045 420 concentu

787 435 881 467 trium
909 440 1086 477 martyrum

236 519 296 550 2a.
331 519 461 555 Kiliani,
923 521 984 555 2b.
1016 523 1123 562 Atque
1149 524 1211 563 piis

329 566 472 598 Colonati
1017 570 1166 603 laudibus

327 618 356 644 et
384 613 519 645 Totnani
546 618 615 646 rata
1020 627 1126 650 eorum
1154 619 1292 652 altisona

327 670 513 693 veneremur
539 663 705 695 sollemnia
912 678 915 681 v
1019 667 1219 699 modulemur
1243 669 1428 708 praeconia.

233 748 293 779 3a.
326 747 385 785 Qui
411 753 594 780 aversantes
620 754 735 789 terrea,
921 752 983 786 3b.
1016 752 1184 793 Sequendo
1210 754 1330 787 Christi
1358 755 1478 787 monita

328 795 437 826 mundi
464 794 589 832 frivola,
1014 801 1105 832 iustis
1132 802 1289 842 promissa

329 847 441 874 cuncta
468 844 558 875 huius
585 845 676 876 callis
698 845 832 885 ludicra,
1014 849 1123 889 adepti
1149 853 1222 881 sunt
1247 850 1313 890 poli
1337 851 1491 890 praemia.

230 930 292 960 4a.
323 928 414 959 Illius
440 929 507 960 zelo
534 928 702 970 flagrantes
915 933 981 967 4b.
1015 934 1058 965 Et
1085 933 1155 966 fusa
1181 936 1303 967 cruoris
1331 937 1416 969 unda

329 976 395 1006 ensi
422 978 588 1016 tyrannico
1010 982 1095 1014 celsa
1118 983 1371 1016 conscenderunt

327 1023 539 1056 submiserunt
566 1025 647 1057 colla
1011 1030 1090 1061 caeli
1117 1030 1250 1070 palatia.

231 1110 292 1141 5³.
325 1108 389 1141 Ubi
414 1113 594 1141 sanctorum
620 1110 712 1142 turba
917 1113 978 1148 5b.
1012 1115 1208 1155 Angelorum
1235 1117 1323 1149 milia

326 1156 500 1196 triumphat
527 1164 702 1197 purpurata
1014 1169 1207 1204 concrepant
1233 1165 1363 1197 ovantia

326 1203 357 1234 in
385 1208 470 1235 veste
497 1205 685 1248 candidula;
1009 1211 1177 1250 praedulci
1198 1212 1348 1245 melodia.

233 1288 292 1321 Ga.
323 1288 408 1328 Ergo
433 1289 574 1329 ipsorum
915 1295 977 1328 6b.
1008 1296 1138 1328 Crebris
1165 1298 1315 1337 precibus

327 1336 388 1366 iam
415 1346 491 1368 voce
518 1346 653 1370 consona
1007 1344 1168 1383 pulsemus
1195 1347 1329 1384 veniam,

237 1421 294 1452 7a.
325 1421 367 1453 Ut
394 1426 499 1453 reatus
915 1428 974 1460 7b.
1008 1429 1126 1462 Nostra
1151 1440 1275 1471 quoque

326 1470 425 1500 nostri
452 1472 597 1511 contagia
1011 1477 1183 1517 dignentur
1207 1481 1336 1512 nomina

326 1525 384 1555 per
408 1517 518 1549 horum
543 1520 681 1558 gloriosa
1005 1527 1190 1564 perenniter
1215 1528 1375 1560 conscribi

326 1564 489 1596 solvantur
513 1568 635 1601 merita.
1006 1573 1039 1604 in
1066 1575 1196 1606 caelesti
1222 1576 1306 1617 aula⁷

635 1655 666 1686 8.
692 1655 729 1686 In
755 1665 816 1695 qua
844 1665 912 1688 cum
940 1659 1058 1690 eisdem

693 1711 819 1743 semper
846 1713 994 1737 canamus

693 1751 759 1791 regi
784 1755 916 1784 aeterno
943 1754 1088 1794 gloriam.

281 1828 362 1855 Miss.
392 1839 443 1857 ms.
465 1832 664 1860 Lambacense
691 1843 766 1862 saec.
798 1834 839 1862 15.
862 1836 931 1864 cod.
953 1839 1130 1867 Lambacen.
1155 1838 1220 1868 316.
1242 1842 1276 1869 Α.
1297 1858 1335 1862 -
1355 1845 1438 1873 Miss.
1463 1855 1516 1874 ms.

204 1866 404 1895 Lambacense
426 1877 500 1896 saec.
525 1869 595 1897 ¹⁵lie.
611 1872 680 1899 Cod.
695 1873 870 1902 Lambacen.
888 1874 950 1903 164.
964 1877 997 1903 Β.
1017 1892 1043 1895 -
1064 1876 1081 1904 2
1093 1886 1118 1909 a,
1143 1878 1154 1905 1
1171 1888 1234 1916 sqq.
1249 1881 1297 1909 die
1311 1882 1516 1919 Eigennamen

202 1904 253 1931 der
282 1906 421 1942 Heiligen
448 1908 544 1935 fehlen
572 1909 595 1936 B
621 1911 669 1938 (ob
696 1912 758 1938 also
785 1913 935 1940 vielleicht
961 1915 996 1942 de
1022 1915 1215 1949 Communi?).
1237 1933 1274 1938 —
1296 1918 1357 1953 2a,
1386 1919 1404 1948 3
1431 1926 1516 1951 vrata

204 1943 264 1969 AB.
288 1958 323 1962 -
345 1944 398 1978 53,
420 1943 438 1972 3
459 1947 582 1974 candida
603 1949 635 1975 Β.
658 1963 694 1967 -
715 1948 771 1983 7b,
790 1949 808 1977 4
829 1951 898 1978 aula
918 1952 991 1979 fehlt
1011 1954 1045 1980 Α.

594 2087 661 2118 203.
702 2089 744 2120 De
766 2092 875 2122 sancta
896 2092 1100 2133 Kunegunde.

663 2180 692 2212 1.
720 2179 815 2220 Legis
841 2182 925 2213 laxet
951 2192 1060 2226 onera,

721 2226 851 2267 Species
878 2234 910 2261 et
934 2240 1051 2271 genera

720 2275 812 2308 Nova
839 2278 918 2310 dans
945 2284 975 2310 et
1002 2284 1121 2325 vetera,

219 2356 277 2388 2a.
310 2356 365 2387 Cui
392 2357 450 2388 sub
476 2359 567 2390 annis
593 2360 710 2392 teneris
901 2364 964 2398 2b.
997 2366 1128 2400 Lucifer
1153 2369 1185 2401 in
1211 2372 1347 2415 superis⁷

310 2404 440 2446 virgam
467 2407 624 2446 praebens
650 2410 778 2450 umeris,
997 2414 1068 2446 Lux
1094 2416 1133 2448 de
1158 2417 1229 2450 luce
1255 2420 1380 2454 miseris

308 2453 414 2493 Ignem
441 2455 600 2496 stringens
627 2457 770 2500 Veneris,
994 2463 1122 2504 Aptans
1148 2465 1247 2499 bonos
1274 2471 1401 2506 ceteris.
