1655 2713
195 242 253 273 4a.
295 240 353 271 Pio
379 241 485 279 placet
512 240 670 272 demorari
883 237 946 270 4b.
984 235 1096 274 Stella,
1123 235 1196 266 luce
1220 234 1378 267 aeternali

339 288 474 327 Insuper
499 287 614 324 officio.
1027 285 1114 324 Quae
1139 283 1289 315 immersa
1317 282 1482 322 crederis,

292 337 367 368 Post
396 337 564 368 Rachelem
592 334 739 366 famulari
976 333 1135 372 Quantum
1161 331 1230 363 sine
1255 331 1418 372 personali

338 384 414 415 Liae
440 384 591 415 exercitio
1028 380 1152 414 Unione
1177 380 1297 420 pateris

298 431 364 462 Nec
390 441 556 470 personam
583 429 733 461 minorari
977 428 1018 460 Et
1046 429 1077 460 in
1104 428 1185 459 mari
1211 427 1367 459 mundiali

343 480 435 511 Putat
462 478 646 510 ministerio.
1024 476 1146 517 Iugiter
1170 476 1337 516 aspiceris,

509 599 539 627 5.
584 597 756 627 Inconsuta
783 604 844 626 non
871 595 1037 627 scindatur

627 643 702 674 Filii
729 643 881 681 tunicula,

580 691 782 729 Tempestate
808 700 869 722 non
896 694 1057 730 mergatur

628 738 764 770 Simonis
790 738 947 775 navicula,

581 786 698 817 Contra
723 791 838 818 cuncta
863 786 1024 826 dirigatur

632 834 690 864 Per
715 838 746 864 te
772 834 823 864 hic
849 834 1002 873 pericula.

252 951 410 985 Antiphon.
439 955 467 976 et
495 951 579 977 Grad.
609 959 660 976 ms.
692 951 886 985 Vigor-nitense
915 959 991 977 saec.
1021 948 1065 977 13.
1094 950 1163 977 Cod.
1192 950 1288 986 Capit.
1317 951 1495 986 Vigornien.

179 988 240 1015 160.
265 989 329 1015 add.
356 997 430 1015 saec.
456 987 499 1014 14.
528 1003 563 1006 —
592 987 639 1019 la,
665 987 683 1015 4
707 989 875 1015 Unifortnis.
904 1003 940 1007 —
966 988 1024 1019 δὴ,
1046 987 1064 1015 5
1086 989 1224 1015 ancillam
1250 997 1334 1024 quae.
1362 1003 1400 1007 --
1431 990 1491 1015 An-

174 1026 330 1053 scheinend
352 1035 419 1057 war,
442 1026 515 1053 nach
537 1027 600 1053 dem
622 1027 746 1053 Metrum
767 1036 803 1053 zu
825 1026 989 1057 scffliessen.
1005 1026 1084 1054 diese
1105 1027 1256 1062 Dichtung
1277 1028 1325 1054 ein
1344 1027 1492 1062 Hymnus,

174 1065 225 1091 der
256 1065 298 1090 al<
331 1067 463 1100 Sequenz
491 1065 655 1091 verwendet
687 1065 784 1091 wurde
812 1065 870 1091 und
897 1065 1175 1100 dementsprechend
1210 1067 1275 1092 eine
1305 1067 1409 1101 eigene
1439 1066 1491 1093 Se-

175 1103 434 1138 quenzenrnelodie
455 1103 567 1129 erhielt.
609 1103 642 1129 In
665 1103 715 1129 der
736 1103 840 1136 Quelle
870 1103 997 1129 namlich
1020 1103 1085 1129 sind
1107 1107 1178 1130 stets
1196 1104 1226 1138 je
1248 1105 1319 1130 zwei
1341 1105 1432 1131 Verse
1455 1112 1493 1130 zu

174 1142 255 1167 einer
279 1141 402 1175 Strophe
431 1142 483 1166 mit
510 1141 729 1176 Gegenstrophe
754 1142 908 1176 vereinigt.
955 1141 1055 1176 Gegen
1081 1141 1161 1168 diese
1188 1142 1350 1178 Abteilung
1377 1142 1493 1178 spricht

175 1179 244 1205 aber
265 1179 316 1205 der
339 1179 430 1205 Reim.
456 1194 488 1197 —
511 1179 657 1205 Abschrift
680 1188 738 1205 von
759 1180 829 1206 Rev.
853 1180 890 1205 H.
912 1179 951 1205 M.
976 1180 1141 1206 Bannister.

535 1352 560 1382 6.
602 1352 635 1382 ln
656 1351 872 1392 Assumptione
895 1352 1010 1383 Beatae
1030 1353 1065 1383 V.
1088 1353 1123 1383 M.

203 1465 259 1496 la.
295 1464 400 1501 Salve,
430 1464 499 1495 dies
525 1465 682 1504 gloriosae
887 1466 946 1498 lb.
983 1465 1077 1497 Salve
1103 1470 1147 1506 tu,
1175 1465 1233 1498 flos
1260 1468 1460 1511 clericorum,

296 1511 410 1542 Matris
436 1512 506 1551 Dei,
533 1513 691 1552 gratiosae
980 1514 1016 1545 In
1044 1514 1103 1545 hoc
1129 1515 1198 1546 loco
1225 1521 1454 1548 conventorum

341 1560 474 1598 Quando
500 1561 585 1591 salus
612 1561 768 1593 redditur.
1029 1561 1125 1593 Cuius
1152 1561 1268 1594 festum
1295 1564 1421 1598 colitur.

201 1679 259 1709 2a.
297 1678 457 1716 Pompam,
475 1677 589 1709 famam
604 1679 715 1710 matris
730 1679 801 1717 Dei,
888 1680 947 1713 2b.
987 1680 1126 1712 Virtutes
1153 1682 1193 1712 de
1218 1682 1307 1713 caelo
1330 1687 1436 1715 motae

295 1725 503 1763 Splendorem
531 1727 622 1757 huius
650 1727 713 1757 diei
981 1728 1062 1760 Sunt
1087 1738 1146 1768 pro
1172 1729 1233 1760 hac
1260 1730 1354 1761 hodie
1379 1735 1473 1763 totae

344 1770 443 1804 Nemo
469 1778 577 1812 posset
604 1783 764 1814 promere;
1033 1776 1111 1808 Cum
1137 1778 1243 1817 coepit
1268 1779 1454 1813 ascendere.

201 1893 262 1924 3a.
299 1892 402 1923 Natus
430 1901 488 1931 pro
513 1896 615 1924 matre
635 1893 799 1925 descendit
885 1894 947 1927 3b.
983 1896 1024 1927 Et
1051 1895 1098 1926 sic
1123 1900 1172 1927 est
1198 1898 1287 1937 virgo
1312 1898 1407 1931 beata

294 1940 337 1971 Et
368 1949 436 1970 cum
463 1940 534 1979 ipsa
559 1950 631 1972 mox
656 1942 800 1973 ascendit
980 1943 1086 1983 Super
1112 1944 1225 1976 choros
1251 1947 1394 1979 exaltata

342 1987 395 2018 Ad
421 1993 564 2019 sanctum
591 1989 755 2028 palatium.
1028 1992 1222 2031 Angelorum
1249 1995 1400 2030 omnium.

200 2109 258 2138 4a.
297 2107 384 2138 Haec
409 2116 468 2147 pro
495 2107 585 2139 nobis
610 2108 799 2147 intercedat,
883 2110 946 2144 4b.
984 2110 1059 2142 Sine
1084 2111 1155 2151 ipsa
1181 2113 1226 2144 nil
1252 2114 1405 2154 valemus,

296 2154 339 2186 Ut
364 2164 420 2186 nos
446 2155 536 2186 nulla
563 2155 657 2195 culpa
681 2156 800 2196 laedat,
980 2158 1062 2190 Nam
1080 2159 1112 2190 in
1131 2160 1202 2199 ipsa
1220 2171 1309 2201 spem
1324 2163 1497 2208 habemus‚

338 2203 435 2242 Apud
463 2212 553 2234 suum
580 2202 689 2235 filium.
1028 2206 1078 2239 Sit
1101 2208 1194 2239 nobis
1219 2211 1428 2249 praesidium.

251 2323 311 2349 Atti
335 2322 413 2349 della
435 2321 552 2349 Societa
573 2323 682 2358 Ligure
703 2323 733 2350 di
755 2324 854 2351 Storia
868 2325 976 2352 Patria.
999 2326 1080 2357 XIX,
1105 2336 1132 2362 p.
1155 2325 1219 2355 656.
1241 2337 1294 2356 aus
1311 2331 1419 2363 „Liber
1439 2341 1494 2361 ms.

173 2361 306 2388 Ianuarii
334 2360 368 2387 de
395 2361 527 2388 Predano
556 2363 627 2388 anni
655 2359 852 2390 1230—1252.
895 2363 1034 2391 Archivio
1062 2366 1190 2393 notar-ile
1216 2367 1247 2394 di
1274 2372 1352 2397 stato
1379 2370 1500 2405 Genua,

173 2407 230 2426 ear.
252 2397 356 2427 230v.“
379 2415 415 2418 —
439 2398 488 2430 la,
511 2397 528 2426 2
542 2400 656 2427 Manus.
680 2415 714 2419 --
738 2399 790 2434 lb,
811 2399 829 2429 3
845 2402 925 2436 Quos
939 2403 1054 2430 festum.
1077 2418 1113 2422 —
1129 2402 1181 2437 2³,
1205 2403 1219 2432 l
1235 2409 1332 2435 matri.
1353 2425 1375 2428 —
1400 2407 1454 2443 2³,
1475 2409 1498 2438 2

174 2438 344 2474 Splendore.
370 2453 404 2457 —
427 2437 577 2465 Abschrift
595 2448 653 2466 von
674 2440 746 2467 Rev.
768 2440 806 2467 H.
827 2441 867 2468 M.
887 2441 1056 2469 Bannister.
