1655 2713
693 161 740 165 —
789 141 857 177 247
911 143 970 164 -”

187 241 247 273 93.
280 238 347 271 Sed
373 239 476 271 victus
501 239 534 271 in
559 249 617 272 sua
885 237 948 272 9b.
981 237 1019 270 In
1044 232 1159 275 quibus
1184 230 1326 276 fidebat3

282 287 372 319 curia
979 281 1116 317 contrita

284 335 366 367 vidit
392 335 493 367 multa
519 335 607 368 milia
980 336 1028 365 est
1054 330 1140 362 illius
1168 329 1328 371 machina,

283 388 448 425 prostrata
473 393 533 424 per
557 384 633 425 tela,
985 379 1068 420 fugit
1093 382 1197 410 turma
1224 387 1292 410 sua.

162 463 247 495 loa.
279 461 306 494 O
333 461 466 501 Quirine
492 461 704 500 sanctissime,
859 460 903 493 10
914 458 946 490 b.
977 459 1006 490 A
1030 456 1099 489 Deo
1123 455 1216 487 nobis
1242 455 1378 495 gratiam

282 510 369 542 salus
394 514 505 542 nostra
530 518 564 541 es
591 518 668 541 vera
979 512 1113 545 poscens
1139 507 1169 534 et
1196 503 1374 544 victoriam,

601 587 656 619 11.
683 585 732 618 De
758 594 820 625 qua
844 583 904 615 tibi

687 634 756 666 laus
783 633 824 664 sit
850 636 991 664 aeterna.

240 711 329 739 Grad.
352 720 404 738 ms·
428 711 591 738 Nussiense
613 718 688 736 saec.
713 707 756 735 15.
778 707 849 735 Cod.
864 707 940 734 Mus.
955 705 1137 740 Archiepisc.
1155 703 1307 731 Colonien.
1326 704 1376 730 VI.
1401 702 1446 730 11.
1460 717 1497 722 —-

161 748 223 783 fib,
250 748 268 777 3
294 750 444 776 masculus
473 753 510 776 et.
532 764 567 769 —
591 747 643 780 ll,
674 747 686 774 l
714 755 773 782 qua
799 746 866 773 sibi.
888 761 925 766 —-
946 743 1090 771 Melodie:
1115 743 1201 777 „Eia
1225 741 1379 775 turma“‚
1409 743 1499 769 somit

163 789 239 816 nach
260 788 326 816 dem
342 788 469 816 Schema
489 788 540 815 der
555 788 688 822 Sequenz
706 785 791 820 „Eia
812 784 1029 811 recolamus
1052 781 1230 809 laudibus
1252 783 1329 817 piis
1352 779 1494 817 digna.“

166 827 234 863 Vgl.
256 837 285 855 u.
308 835 335 854 a.
357 827 442 854 Anal.
465 827 575 861 Hymn.
597 826 633 857 X,
654 825 704 851 Nr.
726 821 791 851 238.

597 966 665 997 278.
707 966 749 996 De
770 967 880 996 sancto
901 963 1063 995 Reinoldo.

194 1062 209 1092 1
225 1069 254 1092 a.
287 1059 420 1092 Trinum
446 1058 549 1089 Deum
578 1057 610 1088 in
636 1057 705 1088 usia
890 1054 950 1088 lb.
981 1056 1010 1086 A
1038 1063 1099 1094 quo
1124 1058 1231 1085 manat
1258 1052 1329 1084 fons
1353 1052 1497 1092 sophiae,

285 1107 405 1139 Nostra
431 1110 520 1137 sonet
544 1105 711 1136 harmonia
983 1103 1042 1143 Qui
1070 1102 1263 1134 Reinoldum
1291 1101 1435 1132 theoriae

333 1154 570 1188 consistentem
596 1153 700 1193 unica,
1029 1150 1155 1182 Haustu
1183 1150 1269 1181 dulci
1298 1150 1436 1181 debriat.

188 1233 249 1264 2a.
281 1231 347 1263 Iste
372 1231 464 1262 miles
491 1231 558 1262 veri
585 1230 693 1262 David
887 1229 949 1262 2b.
981 1229 1072 1260 Liam
1100 1228 1222 1269 lippam
1249 1227 1420 1266 fastidivit,

279 1279 396 1312 Mundi
423 1288 536 1322 campo
563 1279 742 1311 decertavit
989 1279 1074 1317 Agar
1101 1277 1233 1308 domans
1261 1276 1443 1315 concupivit

337 1328 410 1360 Non
437 1336 562 1360 cassum
581 1328 699 1359 cedens
717 1335 804 1360 area.
1036 1325 1188 1357 Rachelis
1215 1323 1363 1364 effigiem.

189 1408 253 1440 33.
284 1405 371 1437 Vera
397 1405 462 1437 fide
488 1405 664 1443 radicatuS‚
893 1403 955 1436 3b.
989 1403 1085 1434 Cuius
1111 1411 1208 1442 prece
1235 1402 1320 1433 salus
1348 1401 1443 1433 datur

292 1452 436 1486 Caritate
462 1453 615 1485 dilatatus
989 1452 1116 1490 Aegris,
1143 1449 1237 1482 funus
1263 1450 1447 1490 suscitatur,

339 1502 381 1535 Et
409 1510 467 1542 spe
494 1501 598 1533 crucis
625 1500 738 1539 ardua,
1036 1499 1131 1539 Fugit
1159 1498 1355 1538 pestilentia.

193 1582 254 1613 4a.
285 1579 366 1612 Iusti
395 1579 492 1610 vitam
518 1578 603 1610 livor
629 1578 723 1618 zelat,
891 1576 954 1609 4b.
987 1576 1050 1609 Sed
1076 1576 1200 1615 insigne
1226 1575 1434 1615 margaritum

286 1628 378 1661 Clam
402 1632 551 1665 necatur,
579 1630 692 1666 stagno
719 1626 802 1658 celat
987 1625 1182 1657 Declaratur
1208 1623 1383 1664 expolitum

331 1676 507 1708 Malleator
533 1675 686 1707 saucium.
1031 1673 1200 1715 Signorum
1227 1672 1419 1712 praeconiis,

188 1757 248 1787 53.
281 1754 307 1788 O
334 1752 503 1793 Reinolde‚
530 1756 655 1794 martyr
680 1751 752 1789 Dei,
889 1751 952 1785 5b.
984 1751 1053 1783 Tua
1080 1759 1176 1790 prece
1203 1758 1445 1790 consequamur,

282 1804 321 1836 In
347 1802 407 1834 hoc
433 1802 502 1834 salo
527 1805 658 1833 nostrae
686 1801 754 1840 spei
985 1800 1052 1838 Qua
1079 1804 1110 1830 te
1137 1797 1201 1830 frui
1228 1798 1437 1839 gratulamur,

330 1852 446 1884 Portus
473 1850 517 1882 sis
544 1853 576 1881 et
602 1858 732 1891 ancora,
1034 1848 1183 1880 Divinam
1210 1847 1438 1887 praesentiam.

241 1928 328 1956 Miss.
352 1927 532 1955 Colonieuse
554 1924 624 1954 imd.
644 1927 770 1954 Parisiis
795 1924 877 1954 1:320.
894 1926 928 1953 A.
944 1940 981 1943 —
995 1924 1271 1953 Miss.0010niens‹2
1293 1925 1361 1959 imp.
1378 1924 1501 1950 Parisii·

164 1965 247 1996 1525.
269 1968 301 1995 B.
323 1981 359 1986 —
381 1965 434 1999 5a,
456 1964 474 1993 2
501 1966 557 1993 hoc
589 1965 653 1993 solo
675 1966 742 1999 Ass;
772 1965 866 1993 salum
891 1976 926 1985 Ξ
949 1973 1038 1991 mare.
1062 1963 1116 1995 511,
1139 1961 1156 1990 2
1177 1963 1361 1999 gratulemur
1382 1963 1442 1990 AB.
1467 1978 1501 1981 β

163 2005 220 2041 5b,
241 2005 258 2034 3
279 2007 392 2034 Divina
413 2006 585 2042 praesentia
605 2005 665 2031 AB.

590 2148 656 2179 279.
700 2148 741 2179 De
762 2145 881 2178 sanctis
903 2145 1068 2185 Reliquiis.

309 2243 341 2275 1.
374 2240 504 2283 Sancte,
532 2244 715 2272 sanctorum
742 2238 808 2270 vita
834 2242 865 2270 et
893 2238 1057 2279 gaudium,

280 2320 342 2352 23.
374 2318 509 2359 Suscipe
535 2321 662 2349 tuorum
690 2315 803 2348 laudes
829 2324 996 2348 servorum

377 2367 415 2400 In
443 2364 777 2399 commemorationem
802 2373 923 2404 eorum,

377 2416 519 2456 Quorum
545 2413 701 2454 reliquiae
725 2422 744 2444 a
769 2412 953 2445 laudandae
980 2411 1066 2443 vitae

382 2464 464 2497 Viro
491 2463 649 2496 clemente
675 2461 890 2494 Willibrordo
915 2463 991 2492 sunt
1016 2459 1108 2491 nobis
1134 2458 1271 2496 allatae3
