<?xml version="1.0" encoding="UTF-8"?>
<!DOCTYPE html PUBLIC "-//W3C//DTD XHTML 1.0 Transitional//EN"
    "http://www.w3.org/TR/xhtml1/DTD/xhtml1-transitional.dtd">
<html xmlns="http://www.w3.org/1999/xhtml" xml:lang="en" lang="en">
 <head>
  <title>
</title>
<meta http-equiv="Content-Type" content="text/html;charset=utf-8" />
  <meta name='ocr-system' content='tesseract 3.04.00' />
  <meta name='ocr-capabilities' content='ocr_page ocr_carea ocr_par ocr_line ocrx_word'/>
</head>
<body>
  <div class='ocr_page' id='page_1' title='image "./analectahymnica44drevuoft_0029.png"; bbox 0 0 1655 2713; ppageno 0'>
   <div class='ocr_carea' id='block_1_1' title="bbox 641 307 1058 349">
    <p class='ocr_par' dir='ltr' id='par_1_1' title="bbox 641 307 1058 349">
     <span class='ocr_line' id='line_1_1' title="bbox 641 307 1058 349; baseline 0.002 -11"><span class='ocrx_word' id='word_1_1' title='bbox 641 307 682 338; x_wconf 83' lang='lat'>19.</span> <span class='ocrx_word' id='word_1_2' title='bbox 725 308 765 338; x_wconf 86' lang='lat' dir='ltr'>De</span> <span class='ocrx_word' id='word_1_3' title='bbox 787 310 896 340; x_wconf 80' lang='lat' dir='ltr'>sancto</span> <span class='ocrx_word' id='word_1_4' title='bbox 918 309 1058 349; x_wconf 72' lang='lat' dir='ltr'>aegidio.</span> 
     </span>
    </p>
   </div>
   <div class='ocr_carea' id='block_1_2' title="bbox 222 405 765 541">
    <p class='ocr_par' dir='ltr' id='par_1_2' title="bbox 222 405 765 541">
     <span class='ocr_line' id='line_1_2' title="bbox 222 405 737 447; baseline 0.004 -12"><span class='ocrx_word' id='word_1_5' title='bbox 222 405 278 436; x_wconf 88' lang='lat' dir='ltr'>la.</span> <span class='ocrx_word' id='word_1_6' title='bbox 314 405 463 438; x_wconf 85' lang='lat' dir='ltr'>Exsultet</span> <span class='ocrx_word' id='word_1_7' title='bbox 490 406 563 436; x_wconf 86' lang='lat' dir='ltr'>felix</span> <span class='ocrx_word' id='word_1_8' title='bbox 592 406 737 447; x_wconf 78' lang='lat' dir='ltr'>Graecia,</span> 
     </span>
     <span class='ocr_line' id='line_1_3' title="bbox 310 454 765 496; baseline 0.007 -13"><span class='ocrx_word' id='word_1_9' title='bbox 310 454 395 490; x_wconf 73' lang='lat' dir='ltr'>Quae</span> <span class='ocrx_word' id='word_1_10' title='bbox 421 458 525 484; x_wconf 87' lang='lat' dir='ltr'>natum</span> <span class='ocrx_word' id='word_1_11' title='bbox 552 454 653 496; x_wconf 81' lang='lat' dir='ltr'>stirpe</span> <span class='ocrx_word' id='word_1_12' title='bbox 679 455 765 494; x_wconf 84' lang='lat' dir='ltr'>regia</span> 
     </span>
     <span class='ocr_line' id='line_1_4' title="bbox 357 500 762 541; baseline 0.005 -10"><span class='ocrx_word' id='word_1_13' title='bbox 357 500 455 531; x_wconf 87' lang='lat' dir='ltr'>Docet</span> <span class='ocrx_word' id='word_1_14' title='bbox 484 501 601 532; x_wconf 76' lang='lat' dir='ltr'>Christi</span> <span class='ocrx_word' id='word_1_15' title='bbox 628 502 762 541; x_wconf 77' lang='lat' dir='ltr'>monita3</span> 
     </span>
    </p>
   </div>
   <div class='ocr_carea' id='block_1_3' title="bbox 214 605 777 743">
    <p class='ocr_par' dir='ltr' id='par_1_3' title="bbox 214 605 777 743">
     <span class='ocr_line' id='line_1_5' title="bbox 214 605 764 647; baseline 0.007 -13"><span class='ocrx_word' id='word_1_16' title='bbox 214 605 273 635; x_wconf 72' lang='lat'>22.</span> <span class='ocrx_word' id='word_1_17' title='bbox 310 605 344 634; x_wconf 89' lang='lat' dir='ltr'>In</span> <span class='ocrx_word' id='word_1_18' title='bbox 372 606 522 644; x_wconf 83' lang='lat' dir='ltr'>templum</span> <span class='ocrx_word' id='word_1_19' title='bbox 547 606 570 636; x_wconf 91' lang='lat' dir='ltr'>it</span> <span class='ocrx_word' id='word_1_20' title='bbox 598 607 764 647; x_wconf 82' lang='lat' dir='ltr'>Aegidius,</span> 
     </span>
     <span class='ocr_line' id='line_1_6' title="bbox 307 653 739 692; baseline 0.012 -11"><span class='ocrx_word' id='word_1_21' title='bbox 307 653 462 683; x_wconf 84' lang='lat' dir='ltr'>iacentem</span> <span class='ocrx_word' id='word_1_22' title='bbox 491 662 617 692; x_wconf 86' lang='lat' dir='ltr'>aegrum</span> <span class='ocrx_word' id='word_1_23' title='bbox 646 655 739 686; x_wconf 92' lang='lat' dir='ltr'>citius</span> 
     </span>
     <span class='ocr_line' id='line_1_7' title="bbox 350 700 777 743; baseline 0.012 -13"><span class='ocrx_word' id='word_1_24' title='bbox 350 700 473 738; x_wconf 78' lang='lat' dir='ltr'>&#39;regens</span> <span class='ocrx_word' id='word_1_25' title='bbox 502 705 589 732; x_wconf 87' lang='lat' dir='ltr'>curat</span> <span class='ocrx_word' id='word_1_26' title='bbox 621 703 777 743; x_wconf 79' lang='lat' dir='ltr'>vestibus3</span> 
     </span>
    </p>
   </div>
   <div class='ocr_carea' id='block_1_4' title="bbox 209 799 807 938">
    <p class='ocr_par' dir='ltr' id='par_1_4' title="bbox 209 799 807 938">
     <span class='ocr_line' id='line_1_8' title="bbox 209 799 680 841; baseline 0.011 -13"><span class='ocrx_word' id='word_1_27' title='bbox 209 800 227 829; x_wconf 80' lang='lat'>3</span> <span class='ocrx_word' id='word_1_28' title='bbox 240 807 268 829; x_wconf 86' lang='lat' dir='ltr'>a.</span> <span class='ocrx_word' id='word_1_29' title='bbox 306 799 462 831; x_wconf 80' lang='lat' dir='ltr'>Toxicato</span> <span class='ocrx_word' id='word_1_30' title='bbox 488 810 506 831; x_wconf 87' lang='lat' dir='ltr'>a</span> <span class='ocrx_word' id='word_1_31' title='bbox 533 806 680 841; x_wconf 77' lang='lat' dir='ltr'>serpente</span> 
     </span>
     <span class='ocr_line' id='line_1_9' title="bbox 304 847 716 890; baseline 0.015 -14"><span class='ocrx_word' id='word_1_32' title='bbox 304 847 396 877; x_wconf 79' lang='lat' dir='ltr'>Virus</span> <span class='ocrx_word' id='word_1_33' title='bbox 424 847 547 887; x_wconf 79' lang='lat' dir='ltr'>refugat</span> <span class='ocrx_word' id='word_1_34' title='bbox 574 855 716 890; x_wconf 86' lang='lat' dir='ltr'>repente,</span> 
     </span>
     <span class='ocr_line' id='line_1_10' title="bbox 351 895 807 938; baseline 0.013 -13"><span class='ocrx_word' id='word_1_35' title='bbox 351 895 426 926; x_wconf 88' lang='lat' dir='ltr'>Mox</span> <span class='ocrx_word' id='word_1_36' title='bbox 460 896 622 927; x_wconf 72' lang='lat' dir='ltr'>obsessum</span> <span class='ocrx_word' id='word_1_37' title='bbox 657 899 807 938; x_wconf 87' lang='lat' dir='ltr'>liberans,</span> 
     </span>
    </p>
   </div>
   <div class='ocr_carea' id='block_1_5' title="bbox 206 998 776 1141">
    <p class='ocr_par' dir='ltr' id='par_1_5' title="bbox 206 998 776 1141">
     <span class='ocr_line' id='line_1_11' title="bbox 206 998 688 1034; baseline 0.015 -7"><span class='ocrx_word' id='word_1_38' title='bbox 206 1000 265 1031; x_wconf 74' lang='lat' dir='ltr'>4a.</span> <span class='ocrx_word' id='word_1_39' title='bbox 306 998 407 1030; x_wconf 83' lang='lat' dir='ltr'>Saluti</span> <span class='ocrx_word' id='word_1_40' title='bbox 435 1010 502 1030; x_wconf 72' lang='lat' dir='ltr'>curn</span> <span class='ocrx_word' id='word_1_41' title='bbox 530 1002 688 1034; x_wconf 82' lang='lat' dir='ltr'>Caesareo</span> 
     </span>
     <span class='ocr_line' id='line_1_12' title="bbox 303 1046 666 1081; baseline 0.014 -5"><span class='ocrx_word' id='word_1_42' title='bbox 303 1046 433 1077; x_wconf 85' lang='lat' dir='ltr'>Insudat</span> <span class='ocrx_word' id='word_1_43' title='bbox 463 1048 512 1079; x_wconf 85' lang='lat' dir='ltr'>hic</span> <span class='ocrx_word' id='word_1_44' title='bbox 539 1049 666 1081; x_wconf 87' lang='lat' dir='ltr'>biennio</span> 
     </span>
     <span class='ocr_line' id='line_1_13' title="bbox 350 1093 776 1141; baseline 0.016 -17"><span class='ocrx_word' id='word_1_45' title='bbox 350 1093 470 1126; x_wconf 84' lang='lat' dir='ltr'>Febres</span> <span class='ocrx_word' id='word_1_46' title='bbox 497 1098 608 1128; x_wconf 86' lang='lat' dir='ltr'>trimas</span> <span class='ocrx_word' id='word_1_47' title='bbox 633 1098 776 1141; x_wconf 78' lang='lat' dir='ltr'>abigens,</span> 
     </span>
    </p>
   </div>
   <div class='ocr_carea' id='block_1_6' title="bbox 205 1193 791 1332">
    <p class='ocr_par' dir='ltr' id='par_1_6' title="bbox 205 1193 791 1332">
     <span class='ocr_line' id='line_1_14' title="bbox 205 1193 717 1229; baseline 0.01 -5"><span class='ocrx_word' id='word_1_48' title='bbox 205 1195 265 1224; x_wconf 84' lang='lat' dir='ltr'>5a.</span> <span class='ocrx_word' id='word_1_49' title='bbox 304 1193 510 1226; x_wconf 85' lang='lat' dir='ltr'>Praesumens</span> <span class='ocrx_word' id='word_1_50' title='bbox 536 1197 598 1227; x_wconf 89' lang='lat' dir='ltr'>iter</span> <span class='ocrx_word' id='word_1_51' title='bbox 622 1197 717 1229; x_wconf 88' lang='lat' dir='ltr'>latius</span> 
     </span>
     <span class='ocr_line' id='line_1_15' title="bbox 304 1241 791 1279; baseline 0.014 -8"><span class='ocrx_word' id='word_1_52' title='bbox 304 1241 448 1279; x_wconf 81' lang='lat' dir='ltr'>Fontem,</span> <span class='ocrx_word' id='word_1_53' title='bbox 475 1247 599 1274; x_wconf 81' lang='lat' dir='ltr'>antrum</span> <span class='ocrx_word' id='word_1_54' title='bbox 628 1245 791 1278; x_wconf 77' lang='lat' dir='ltr'>obscurius</span> 
     </span>
     <span class='ocr_line' id='line_1_16' title="bbox 349 1288 720 1332; baseline 0.013 -13"><span class='ocrx_word' id='word_1_55' title='bbox 349 1288 468 1320; x_wconf 85' lang='lat' dir='ltr'>Cervae</span> <span class='ocrx_word' id='word_1_56' title='bbox 494 1291 597 1330; x_wconf 81' lang='lat' dir='ltr'>carpit</span> <span class='ocrx_word' id='word_1_57' title='bbox 622 1293 720 1332; x_wconf 79' lang='lat' dir='ltr'>alitu3</span> 
     </span>
    </p>
   </div>
   <div class='ocr_carea' id='block_1_7' title="bbox 203 1394 803 1531">
    <p class='ocr_par' dir='ltr' id='par_1_7' title="bbox 203 1394 803 1531">
     <span class='ocr_line' id='line_1_17' title="bbox 203 1394 803 1438; baseline 0.012 -15"><span class='ocrx_word' id='word_1_58' title='bbox 203 1394 259 1424; x_wconf 86' lang='lat' dir='ltr'>6a.</span> <span class='ocrx_word' id='word_1_59' title='bbox 297 1394 803 1438; x_wconf 78' lang='lat' dir='ltr'>Cervaesuae‚quamsequuntur‚</span> 
     </span>
     <span class='ocr_line' id='line_1_18' title="bbox 297 1442 779 1487; baseline 0.012 -16"><span class='ocrx_word' id='word_1_60' title='bbox 297 1442 398 1472; x_wconf 82' lang='lat' dir='ltr'>Canes</span> <span class='ocrx_word' id='word_1_61' title='bbox 424 1447 509 1473; x_wconf 86' lang='lat' dir='ltr'>stare</span> <span class='ocrx_word' id='word_1_62' title='bbox 536 1446 779 1487; x_wconf 83' lang='lat' dir='ltr'>compelluntur,</span> 
     </span>
     <span class='ocr_line' id='line_1_19' title="bbox 344 1490 709 1531; baseline 0.016 -13"><span class='ocrx_word' id='word_1_63' title='bbox 344 1490 471 1520; x_wconf 87' lang='lat' dir='ltr'>Accidit</span> <span class='ocrx_word' id='word_1_64' title='bbox 499 1490 557 1522; x_wconf 85' lang='lat' dir='ltr'>hoc</span> <span class='ocrx_word' id='word_1_65' title='bbox 583 1493 709 1531; x_wconf 74' lang='lat' dir='ltr'>tridu03</span> 
     </span>
    </p>
   </div>
   <div class='ocr_carea' id='block_1_8' title="bbox 201 1587 798 1725">
    <p class='ocr_par' dir='ltr' id='par_1_8' title="bbox 201 1587 798 1725">
     <span class='ocr_line' id='line_1_20' title="bbox 201 1587 712 1631; baseline 0.014 -14"><span class='ocrx_word' id='word_1_66' title='bbox 201 1587 259 1618; x_wconf 89' lang='lat' dir='ltr'>7a.</span> <span class='ocrx_word' id='word_1_67' title='bbox 295 1587 396 1619; x_wconf 81' lang='lat' dir='ltr'>Senex</span> <span class='ocrx_word' id='word_1_68' title='bbox 420 1590 535 1628; x_wconf 86' lang='lat' dir='ltr'>sagitta</span> <span class='ocrx_word' id='word_1_69' title='bbox 562 1591 712 1631; x_wconf 81' lang='lat' dir='ltr'>laeditur,</span> 
     </span>
     <span class='ocr_line' id='line_1_21' title="bbox 294 1636 798 1682; baseline 0.016 -17"><span class='ocrx_word' id='word_1_70' title='bbox 294 1636 330 1666; x_wconf 88' lang='lat' dir='ltr'>In</span> <span class='ocrx_word' id='word_1_71' title='bbox 359 1646 482 1668; x_wconf 86' lang='lat' dir='ltr'>cervam</span> <span class='ocrx_word' id='word_1_72' title='bbox 507 1648 586 1678; x_wconf 86' lang='lat' dir='ltr'>quae</span> <span class='ocrx_word' id='word_1_73' title='bbox 606 1640 798 1682; x_wconf 63' lang='lat' dir='ltr'>detenditur,</span> 
     </span>
     <span class='ocr_line' id='line_1_22' title="bbox 342 1683 740 1725; baseline 0.018 -12"><span class='ocrx_word' id='word_1_74' title='bbox 342 1683 460 1715; x_wconf 81' lang='lat' dir='ltr'>Vulnus</span> <span class='ocrx_word' id='word_1_75' title='bbox 487 1688 580 1718; x_wconf 87' lang='lat' dir='ltr'>morti</span> <span class='ocrx_word' id='word_1_76' title='bbox 603 1689 740 1725; x_wconf 71' lang='lat' dir='ltr'>retinet3</span> 
     </span>
    </p>
   </div>
   <div class='ocr_carea' id='block_1_9' title="bbox 198 1785 777 1923">
    <p class='ocr_par' dir='ltr' id='par_1_9' title="bbox 198 1785 777 1923">
     <span class='ocr_line' id='line_1_23' title="bbox 198 1785 689 1828; baseline 0.014 -11"><span class='ocrx_word' id='word_1_77' title='bbox 198 1785 255 1818; x_wconf 76' lang='lat' dir='ltr'>Sa.</span> <span class='ocrx_word' id='word_1_78' title='bbox 293 1787 465 1827; x_wconf 84' lang='lat' dir='ltr'>Orantique</span> <span class='ocrx_word' id='word_1_79' title='bbox 491 1799 548 1828; x_wconf 90' lang='lat' dir='ltr'>pro</span> <span class='ocrx_word' id='word_1_80' title='bbox 576 1791 689 1824; x_wconf 89' lang='lat' dir='ltr'>Carolo</span> 
     </span>
     <span class='ocr_line' id='line_1_24' title="bbox 295 1836 716 1879; baseline 0.017 -14"><span class='ocrx_word' id='word_1_81' title='bbox 295 1836 391 1866; x_wconf 84' lang='lat' dir='ltr'>Carta</span> <span class='ocrx_word' id='word_1_82' title='bbox 417 1836 512 1868; x_wconf 86' lang='lat' dir='ltr'>datur</span> <span class='ocrx_word' id='word_1_83' title='bbox 527 1836 576 1869; x_wconf 83' lang='lat' dir='ltr'>&#39;ab</span> <span class='ocrx_word' id='word_1_84' title='bbox 603 1841 716 1879; x_wconf 84' lang='lat' dir='ltr'>angelo</span> 
     </span>
     <span class='ocr_line' id='line_1_25' title="bbox 338 1882 777 1923; baseline 0.021 -10"><span class='ocrx_word' id='word_1_85' title='bbox 338 1882 461 1915; x_wconf 83' lang='lat' dir='ltr'>Noxam</span> <span class='ocrx_word' id='word_1_86' title='bbox 489 1886 598 1918; x_wconf 86' lang='lat' dir='ltr'>delens</span> <span class='ocrx_word' id='word_1_87' title='bbox 623 1887 777 1923; x_wconf 85' lang='lat' dir='ltr'>abditam.</span> 
     </span>
    </p>
   </div>
   <div class='ocr_carea' id='block_1_10' title="bbox 170 1982 759 2317">
    <p class='ocr_par' dir='ltr' id='par_1_10' title="bbox 170 1982 759 2317">
     <span class='ocr_line' id='line_1_26' title="bbox 195 1982 645 2023; baseline 0.013 -11"><span class='ocrx_word' id='word_1_88' title='bbox 195 1984 252 2012; x_wconf 79' lang='lat' dir='ltr'>9a.</span> <span class='ocrx_word' id='word_1_89' title='bbox 289 1982 369 2013; x_wconf 86' lang='lat' dir='ltr'>Bina</span> <span class='ocrx_word' id='word_1_90' title='bbox 395 1986 538 2023; x_wconf 69' lang='lat' dir='ltr'>cypressi</span> <span class='ocrx_word' id='word_1_91' title='bbox 564 1987 645 2018; x_wconf 88' lang='lat' dir='ltr'>ostia</span> 
     </span>
     <span class='ocr_line' id='line_1_27' title="bbox 286 2029 687 2072; baseline 0.017 -13"><span class='ocrx_word' id='word_1_92' title='bbox 286 2029 370 2060; x_wconf 84' lang='lat' dir='ltr'>Mire</span> <span class='ocrx_word' id='word_1_93' title='bbox 395 2031 479 2063; x_wconf 86' lang='lat' dir='ltr'>locat</span> <span class='ocrx_word' id='word_1_94' title='bbox 504 2042 563 2072; x_wconf 90' lang='lat' dir='ltr'>per</span> <span class='ocrx_word' id='word_1_95' title='bbox 587 2035 687 2066; x_wconf 85' lang='lat' dir='ltr'>maria</span> 
     </span>
     <span class='ocr_line' id='line_1_28' title="bbox 334 2078 698 2114; baseline 0.016 -6"><span class='ocrx_word' id='word_1_96' title='bbox 334 2078 541 2112; x_wconf 85' lang='lat' dir='ltr'>Plasmatoris</span> <span class='ocrx_word' id='word_1_97' title='bbox 569 2083 698 2114; x_wconf 90' lang='lat' dir='ltr'>viribus.</span> 
     </span>
     <span class='ocr_line' id='line_1_29' title="bbox 170 2176 759 2222; baseline 0.015 -15"><span class='ocrx_word' id='word_1_98' title='bbox 170 2176 210 2208; x_wconf 94' lang='grc'>10</span> <span class='ocrx_word' id='word_1_99' title='bbox 223 2185 248 2208; x_wconf 87' lang='lat' dir='ltr'>a.</span> <span class='ocrx_word' id='word_1_100' title='bbox 287 2177 406 2209; x_wconf 89' lang='lat' dir='ltr'>Turma</span> <span class='ocrx_word' id='word_1_101' title='bbox 431 2188 547 2212; x_wconf 86' lang='lat' dir='ltr'>sonans</span> <span class='ocrx_word' id='word_1_102' title='bbox 572 2183 759 2222; x_wconf 84' lang='lat' dir='ltr'>angelorum</span> 
     </span>
     <span class='ocr_line' id='line_1_30' title="bbox 285 2225 752 2264; baseline 0.019 -8"><span class='ocrx_word' id='word_1_103' title='bbox 285 2225 363 2257; x_wconf 89' lang='lat' dir='ltr'>Eius</span> <span class='ocrx_word' id='word_1_104' title='bbox 389 2227 524 2259; x_wconf 90' lang='lat' dir='ltr'>animam</span> <span class='ocrx_word' id='word_1_105' title='bbox 552 2230 594 2261; x_wconf 86' lang='lat' dir='ltr'>ad</span> <span class='ocrx_word' id='word_1_106' title='bbox 621 2231 752 2264; x_wconf 87' lang='lat' dir='ltr'>chorum</span> 
     </span>
     <span class='ocr_line' id='line_1_31' title="bbox 330 2274 751 2317; baseline 0.019 -12"><span class='ocrx_word' id='word_1_107' title='bbox 330 2274 420 2306; x_wconf 86' lang='lat' dir='ltr'>Aevo</span> <span class='ocrx_word' id='word_1_108' title='bbox 446 2274 509 2307; x_wconf 83' lang='lat' dir='ltr'>fert</span> <span class='ocrx_word' id='word_1_109' title='bbox 535 2279 751 2317; x_wconf 82' lang='lat' dir='ltr'>gaudentium.</span> 
     </span>
    </p>
   </div>
   <div class='ocr_carea' id='block_1_11' title="bbox 902 409 1448 542">
    <p class='ocr_par' dir='ltr' id='par_1_11' title="bbox 902 409 1448 542">
     <span class='ocr_line' id='line_1_32' title="bbox 902 409 1362 452; baseline 0.009 -11"><span class='ocrx_word' id='word_1_110' title='bbox 902 410 917 441; x_wconf 92' lang='lat'>1</span> <span class='ocrx_word' id='word_1_111' title='bbox 934 409 962 442; x_wconf 90' lang='lat' dir='ltr'>b.</span> <span class='ocrx_word' id='word_1_112' title='bbox 999 409 1147 443; x_wconf 87' lang='lat' dir='ltr'>Gloriose</span> <span class='ocrx_word' id='word_1_113' title='bbox 1174 413 1362 452; x_wconf 84' lang='lat' dir='ltr'>recolamus,</span> 
     </span>
     <span class='ocr_line' id='line_1_33' title="bbox 994 458 1448 502; baseline 0.009 -12"><span class='ocrx_word' id='word_1_114' title='bbox 994 458 1057 490; x_wconf 92' lang='lat' dir='ltr'>Ore</span> <span class='ocrx_word' id='word_1_115' title='bbox 1084 460 1245 500; x_wconf 87' lang='lat' dir='ltr'>cordeque</span> <span class='ocrx_word' id='word_1_116' title='bbox 1271 471 1448 502; x_wconf 84' lang='lat' dir='ltr'>pangamus</span> 
     </span>
     <span class='ocr_line' id='line_1_34' title="bbox 1043 507 1405 542; baseline 0.003 -3"><span class='ocrx_word' id='word_1_117' title='bbox 1043 507 1139 540; x_wconf 82' lang='lat' dir='ltr'>Clara</span> <span class='ocrx_word' id='word_1_118' title='bbox 1167 509 1252 540; x_wconf 87' lang='lat' dir='ltr'>docti</span> <span class='ocrx_word' id='word_1_119' title='bbox 1280 510 1405 542; x_wconf 87' lang='lat' dir='ltr'>merita.</span> 
     </span>
    </p>
   </div>
   <div class='ocr_carea' id='block_1_12' title="bbox 898 610 1513 750">
    <p class='ocr_par' dir='ltr' id='par_1_12' title="bbox 898 610 1513 750">
     <span class='ocr_line' id='line_1_35' title="bbox 898 610 1513 654; baseline 0.011 -13"><span class='ocrx_word' id='word_1_120' title='bbox 898 610 962 643; x_wconf 89' lang='lat' dir='ltr'>2b.</span> <span class='ocrx_word' id='word_1_121' title='bbox 1000 611 1232 653; x_wconf 90' lang='lat' dir='ltr'>Derelinquens</span> <span class='ocrx_word' id='word_1_122' title='bbox 1263 615 1366 654; x_wconf 89' lang='lat' dir='ltr'>patris</span> <span class='ocrx_word' id='word_1_123' title='bbox 1393 616 1513 648; x_wconf 87' lang='lat' dir='ltr'>aedem·</span> 
     </span>
     <span class='ocr_line' id='line_1_36' title="bbox 997 659 1486 696; baseline 0.014 -6"><span class='ocrx_word' id='word_1_124' title='bbox 997 659 1158 692; x_wconf 88' lang='lat' dir='ltr'>Christum</span> <span class='ocrx_word' id='word_1_125' title='bbox 1191 663 1303 694; x_wconf 84' lang='lat' dir='ltr'>statuit</span> <span class='ocrx_word' id='word_1_126' title='bbox 1333 663 1486 696; x_wconf 88' lang='lat' dir='ltr'>heredem</span> 
     </span>
     <span class='ocr_line' id='line_1_37' title="bbox 1044 708 1407 750; baseline 0.017 -11"><span class='ocrx_word' id='word_1_127' title='bbox 1044 708 1182 741; x_wconf 87' lang='lat' dir='ltr'>Mortuis</span> <span class='ocrx_word' id='word_1_128' title='bbox 1208 711 1407 750; x_wconf 84' lang='lat' dir='ltr'>parentibus.</span> 
     </span>
    </p>
   </div>
   <div class='ocr_carea' id='block_1_13' title="bbox 894 806 1458 947">
    <p class='ocr_par' dir='ltr' id='par_1_13' title="bbox 894 806 1458 947">
     <span class='ocr_line' id='line_1_38' title="bbox 894 806 1458 853; baseline 0.014 -16"><span class='ocrx_word' id='word_1_129' title='bbox 894 806 954 838; x_wconf 92' lang='lat' dir='ltr'>3b.</span> <span class='ocrx_word' id='word_1_130' title='bbox 994 808 1112 840; x_wconf 81' lang='lat' dir='ltr'>Ventos</span> <span class='ocrx_word' id='word_1_131' title='bbox 1139 811 1238 842; x_wconf 88' lang='lat' dir='ltr'>maris</span> <span class='ocrx_word' id='word_1_132' title='bbox 1264 816 1293 842; x_wconf 91' lang='lat' dir='ltr'>et</span> <span class='ocrx_word' id='word_1_133' title='bbox 1321 813 1458 853; x_wconf 89' lang='lat' dir='ltr'>sedavit,</span> 
     </span>
     <span class='ocr_line' id='line_1_39' title="bbox 991 855 1436 902; baseline 0.016 -16"><span class='ocrx_word' id='word_1_134' title='bbox 991 855 1067 887; x_wconf 87' lang='lat' dir='ltr'>Cum</span> <span class='ocrx_word' id='word_1_135' title='bbox 1095 859 1215 897; x_wconf 86' lang='lat' dir='ltr'>ereptis</span> <span class='ocrx_word' id='word_1_136' title='bbox 1243 859 1436 902; x_wconf 85' lang='lat' dir='ltr'>perfretavit</span> 
     </span>
     <span class='ocr_line' id='line_1_40' title="bbox 1037 905 1409 947; baseline 0.016 -12"><span class='ocrx_word' id='word_1_137' title='bbox 1037 905 1191 937; x_wconf 81' lang='lat' dir='ltr'>Arelaten</span> <span class='ocrx_word' id='word_1_138' title='bbox 1219 916 1409 947; x_wconf 89' lang='lat' dir='ltr'>properans.</span> 
     </span>
    </p>
   </div>
   <div class='ocr_carea' id='block_1_14' title="bbox 892 1007 1482 1150">
    <p class='ocr_par' dir='ltr' id='par_1_14' title="bbox 892 1007 1482 1150">
     <span class='ocr_line' id='line_1_41' title="bbox 892 1007 1482 1055; baseline 0.015 -17"><span class='ocrx_word' id='word_1_139' title='bbox 892 1007 953 1039; x_wconf 80' lang='lat' dir='ltr'>4b.</span> <span class='ocrx_word' id='word_1_140' title='bbox 991 1008 1138 1041; x_wconf 90' lang='lat' dir='ltr'>Gliscens</span> <span class='ocrx_word' id='word_1_141' title='bbox 1165 1020 1304 1044; x_wconf 87' lang='lat' dir='ltr'>eremum</span> <span class='ocrx_word' id='word_1_142' title='bbox 1333 1015 1482 1055; x_wconf 79' lang='lat' dir='ltr'>discedit,</span> 
     </span>
     <span class='ocr_line' id='line_1_42' title="bbox 987 1056 1345 1092; baseline 0.017 -6"><span class='ocrx_word' id='word_1_143' title='bbox 987 1056 1175 1090; x_wconf 85' lang='lat' dir='ltr'>Veredemio</span> <span class='ocrx_word' id='word_1_144' title='bbox 1199 1062 1345 1092; x_wconf 87' lang='lat' dir='ltr'>consedit</span> 
     </span>
     <span class='ocr_line' id='line_1_43' title="bbox 1034 1105 1403 1150; baseline 0.016 -14"><span class='ocrx_word' id='word_1_145' title='bbox 1034 1105 1220 1138; x_wconf 88' lang='lat' dir='ltr'>Ubertatem</span> <span class='ocrx_word' id='word_1_146' title='bbox 1250 1109 1403 1150; x_wconf 78' lang='lat' dir='ltr'>dirigens„</span> 
     </span>
    </p>
   </div>
   <div class='ocr_carea' id='block_1_15' title="bbox 893 1203 1497 1338">
    <p class='ocr_par' dir='ltr' id='par_1_15' title="bbox 893 1203 1497 1338">
     <span class='ocr_line' id='line_1_44' title="bbox 893 1203 1380 1247; baseline 0.016 -13"><span class='ocrx_word' id='word_1_147' title='bbox 893 1203 954 1235; x_wconf 91' lang='lat' dir='ltr'>5b.</span> <span class='ocrx_word' id='word_1_148' title='bbox 991 1204 1153 1238; x_wconf 86' lang='lat' dir='ltr'>Exeuntes</span> <span class='ocrx_word' id='word_1_149' title='bbox 1180 1209 1264 1247; x_wconf 90' lang='lat' dir='ltr'>regis</span> <span class='ocrx_word' id='word_1_150' title='bbox 1289 1214 1380 1242; x_wconf 88' lang='lat' dir='ltr'>natos</span> 
     </span>
     <span class='ocr_line' id='line_1_45' title="bbox 986 1253 1497 1298; baseline 0.022 -17"><span class='ocrx_word' id='word_1_151' title='bbox 986 1253 1037 1282; x_wconf 90' lang='lat' dir='ltr'>Ad</span> <span class='ocrx_word' id='word_1_152' title='bbox 1066 1255 1245 1287; x_wconf 87' lang='lat' dir='ltr'>venandum</span> <span class='ocrx_word' id='word_1_153' title='bbox 1273 1262 1348 1289; x_wconf 92' lang='lat' dir='ltr'>tunc</span> <span class='ocrx_word' id='word_1_154' title='bbox 1366 1264 1497 1298; x_wconf 82' lang='lat' dir='ltr'>paratos</span> 
     </span>
     <span class='ocr_line' id='line_1_46' title="bbox 1033 1301 1379 1338; baseline 0.02 -7"><span class='ocrx_word' id='word_1_155' title='bbox 1033 1301 1187 1333; x_wconf 86' lang='lat' dir='ltr'>Prohibet</span> <span class='ocrx_word' id='word_1_156' title='bbox 1212 1304 1252 1335; x_wconf 88' lang='lat' dir='ltr'>ab</span> <span class='ocrx_word' id='word_1_157' title='bbox 1279 1306 1379 1338; x_wconf 87' lang='lat' dir='ltr'>aditu.</span> 
     </span>
    </p>
   </div>
   <div class='ocr_carea' id='block_1_16' title="bbox 889 1402 1496 1536">
    <p class='ocr_par' dir='ltr' id='par_1_16' title="bbox 889 1402 1496 1536">
     <span class='ocr_line' id='line_1_47' title="bbox 889 1402 1496 1443; baseline 0.016 -10"><span class='ocrx_word' id='word_1_158' title='bbox 889 1402 950 1435; x_wconf 85' lang='lat' dir='ltr'>6b.</span> <span class='ocrx_word' id='word_1_159' title='bbox 987 1404 1111 1436; x_wconf 87' lang='lat' dir='ltr'>Vocans</span> <span class='ocrx_word' id='word_1_160' title='bbox 1135 1415 1191 1438; x_wconf 85' lang='lat' dir='ltr'>rex</span> <span class='ocrx_word' id='word_1_161' title='bbox 1209 1409 1496 1443; x_wconf 82' lang='lat' dir='ltr'>archimandritam</span> 
     </span>
     <span class='ocr_line' id='line_1_48' title="bbox 987 1452 1495 1492; baseline 0.018 -10"><span class='ocrx_word' id='word_1_162' title='bbox 987 1452 1062 1483; x_wconf 85' lang='lat' dir='ltr'>Cari</span> <span class='ocrx_word' id='word_1_163' title='bbox 1094 1455 1197 1492; x_wconf 86' lang='lat' dir='ltr'>patris</span> <span class='ocrx_word' id='word_1_164' title='bbox 1223 1457 1368 1488; x_wconf 86' lang='lat' dir='ltr'>strictam</span> <span class='ocrx_word' id='word_1_165' title='bbox 1397 1459 1495 1491; x_wconf 82' lang='lat' dir='ltr'>vitam</span> 
     </span>
     <span class='ocr_line' id='line_1_49' title="bbox 1032 1500 1347 1536; baseline 0.019 -6"><span class='ocrx_word' id='word_1_166' title='bbox 1032 1500 1202 1533; x_wconf 91' lang='lat' dir='ltr'>Intuentur</span> <span class='ocrx_word' id='word_1_167' title='bbox 1227 1509 1347 1536; x_wconf 87' lang='lat' dir='ltr'>mutuo.</span> 
     </span>
    </p>
   </div>
   <div class='ocr_carea' id='block_1_17' title="bbox 889 1597 1433 1733">
    <p class='ocr_par' dir='ltr' id='par_1_17' title="bbox 889 1597 1433 1733">
     <span class='ocr_line' id='line_1_50' title="bbox 889 1597 1433 1642; baseline 0.017 -13"><span class='ocrx_word' id='word_1_168' title='bbox 889 1597 950 1630; x_wconf 88' lang='lat' dir='ltr'>7b.</span> <span class='ocrx_word' id='word_1_169' title='bbox 987 1599 1136 1632; x_wconf 86' lang='lat' dir='ltr'>Claustro</span> <span class='ocrx_word' id='word_1_170' title='bbox 1163 1604 1247 1642; x_wconf 87' lang='lat' dir='ltr'>regis</span> <span class='ocrx_word' id='word_1_171' title='bbox 1275 1604 1433 1638; x_wconf 83' lang='lat' dir='ltr'>fabricato</span> 
     </span>
     <span class='ocr_line' id='line_1_51' title="bbox 981 1647 1300 1689; baseline 0.016 -11"><span class='ocrx_word' id='word_1_172' title='bbox 981 1647 1017 1678; x_wconf 90' lang='lat' dir='ltr'>In</span> <span class='ocrx_word' id='word_1_173' title='bbox 1045 1649 1178 1689; x_wconf 89' lang='lat' dir='ltr'>collegio</span> <span class='ocrx_word' id='word_1_174' title='bbox 1206 1650 1300 1683; x_wconf 89' lang='lat' dir='ltr'>beato</span> 
     </span>
     <span class='ocr_line' id='line_1_52' title="bbox 1028 1695 1405 1733; baseline 0.019 -7"><span class='ocrx_word' id='word_1_175' title='bbox 1028 1695 1126 1728; x_wconf 89' lang='lat' dir='ltr'>Sacer</span> <span class='ocrx_word' id='word_1_176' title='bbox 1151 1697 1251 1730; x_wconf 83' lang='lat' dir='ltr'>abbas</span> <span class='ocrx_word' id='word_1_177' title='bbox 1278 1701 1405 1733; x_wconf 88' lang='lat' dir='ltr'>eminet.</span> 
     </span>
    </p>
   </div>
   <div class='ocr_carea' id='block_1_18' title="bbox 881 1797 1488 1940">
    <p class='ocr_par' dir='ltr' id='par_1_18' title="bbox 881 1797 1488 1940">
     <span class='ocr_line' id='line_1_53' title="bbox 881 1797 1446 1850; baseline 0.014 -20"><span class='ocrx_word' id='word_1_178' title='bbox 881 1797 943 1831; x_wconf 91' lang='lat' dir='ltr'>8b.</span> <span class='ocrx_word' id='word_1_179' title='bbox 979 1798 1174 1833; x_wconf 82' lang='lat' dir='ltr'>Defunctum</span> <span class='ocrx_word' id='word_1_180' title='bbox 1200 1803 1276 1835; x_wconf 87' lang='lat' dir='ltr'>inde</span> <span class='ocrx_word' id='word_1_181' title='bbox 1303 1808 1446 1850; x_wconf 82' lang='lat' dir='ltr'>suscitat,</span> 
     </span>
     <span class='ocr_line' id='line_1_54' title="bbox 976 1846 1488 1898; baseline 0.023 -21"><span class='ocrx_word' id='word_1_182' title='bbox 976 1846 1050 1878; x_wconf 90' lang='lat' dir='ltr'>Post</span> <span class='ocrx_word' id='word_1_183' title='bbox 1073 1850 1192 1881; x_wconf 83' lang='lat' dir='ltr'>moram</span> <span class='ocrx_word' id='word_1_184' title='bbox 1213 1852 1344 1885; x_wconf 74' lang='lat' dir='ltr'>Romam</span> <span class='ocrx_word' id='word_1_185' title='bbox 1367 1856 1488 1898; x_wconf 84' lang='lat' dir='ltr'>visitat,</span> 
     </span>
     <span class='ocr_line' id='line_1_55' title="bbox 1021 1895 1488 1940; baseline 0.026 -14"><span class='ocrx_word' id='word_1_186' title='bbox 1021 1895 1146 1928; x_wconf 81' lang='lat' dir='ltr'>Bullam</span> <span class='ocrx_word' id='word_1_187' title='bbox 1184 1899 1287 1933; x_wconf 86' lang='lat' dir='ltr'>defert</span> <span class='ocrx_word' id='word_1_188' title='bbox 1321 1906 1488 1940; x_wconf 83' lang='lat' dir='ltr'>traditam.</span> 
     </span>
    </p>
   </div>
   <div class='ocr_carea' id='block_1_19' title="bbox 879 1992 1487 2091">
    <p class='ocr_par' dir='ltr' id='par_1_19' title="bbox 879 1992 1487 2091">
     <span class='ocr_line' id='line_1_56' title="bbox 879 1992 1487 2049; baseline 0.023 -25"><span class='ocrx_word' id='word_1_189' title='bbox 879 1992 940 2026; x_wconf 89' lang='lat' dir='ltr'>9b.</span> <span class='ocrx_word' id='word_1_190' title='bbox 977 1994 1148 2030; x_wconf 85' lang='lat' dir='ltr'>Contracto</span> <span class='ocrx_word' id='word_1_191' title='bbox 1170 2009 1312 2039; x_wconf 86' lang='lat' dir='ltr'>gressum</span> <span class='ocrx_word' id='word_1_192' title='bbox 1339 2006 1487 2049; x_wconf 89' lang='lat' dir='ltr'>porrigit,</span> 
     </span>
     <span class='ocr_line' id='line_1_57' title="bbox 975 2042 1335 2091; baseline 0.025 -18"><span class='ocrx_word' id='word_1_193' title='bbox 975 2042 1062 2075; x_wconf 86' lang='lat' dir='ltr'>Ostia</span> <span class='ocrx_word' id='word_1_194' title='bbox 1091 2047 1214 2079; x_wconf 85' lang='lat' dir='ltr'>demum</span> <span class='ocrx_word' id='word_1_195' title='bbox 1243 2051 1335 2091; x_wconf 86' lang='lat' dir='ltr'>erigit</span> 
     </span>
    </p>
   </div>
   <div class='ocr_carea' id='block_1_20' title="bbox 1019 2091 1486 2136">
    <p class='ocr_par' dir='ltr' id='par_1_20' title="bbox 1019 2091 1486 2136">
     <span class='ocr_line' id='line_1_58' title="bbox 1019 2091 1486 2136; baseline 0.028 -13"><span class='ocrx_word' id='word_1_196' title='bbox 1019 2091 1150 2125; x_wconf 86' lang='lat' dir='ltr'>Laetum</span> <span class='ocrx_word' id='word_1_197' title='bbox 1180 2097 1292 2136; x_wconf 86' lang='lat' dir='ltr'>palans</span> <span class='ocrx_word' id='word_1_198' title='bbox 1319 2098 1486 2136; x_wconf 84' lang='lat' dir='ltr'>fratribus.</span> 
     </span>
    </p>
   </div>
   <div class='ocr_carea' id='block_1_21' title="bbox 859 2188 1465 2334">
    <p class='ocr_par' dir='ltr' id='par_1_21' title="bbox 859 2188 1465 2334">
     <span class='ocr_line' id='line_1_59' title="bbox 859 2188 1401 2244; baseline 0.028 -25"><span class='ocrx_word' id='word_1_199' title='bbox 859 2188 902 2220; x_wconf 90' lang='lat'>10</span> <span class='ocrx_word' id='word_1_200' title='bbox 914 2188 945 2222; x_wconf 93' lang='lat' dir='ltr'>b.</span> <span class='ocrx_word' id='word_1_201' title='bbox 980 2191 1005 2223; x_wconf 95' lang='grc' dir='ltr'><strong>Ο</strong></span> <span class='ocrx_word' id='word_1_202' title='bbox 1034 2193 1162 2236; x_wconf 83' lang='lat' dir='ltr'>Aegidi,</span> <span class='ocrx_word' id='word_1_203' title='bbox 1191 2197 1240 2229; x_wconf 87' lang='lat' dir='ltr'>vir</span> <span class='ocrx_word' id='word_1_204' title='bbox 1265 2205 1401 2244; x_wconf 89' lang='lat' dir='ltr'>sacrate,</span> 
     </span>
     <span class='ocr_line' id='line_1_60' title="bbox 976 2238 1437 2283; baseline 0.03 -14"><span class='ocrx_word' id='word_1_205' title='bbox 976 2238 1042 2271; x_wconf 91' lang='lat' dir='ltr'>Nos</span> <span class='ocrx_word' id='word_1_206' title='bbox 1069 2247 1139 2281; x_wconf 89' lang='lat' dir='ltr'>post</span> <span class='ocrx_word' id='word_1_207' title='bbox 1166 2254 1275 2278; x_wconf 91' lang='lat' dir='ltr'>necem</span> <span class='ocrx_word' id='word_1_208' title='bbox 1301 2248 1437 2283; x_wconf 89' lang='lat' dir='ltr'>indilate</span> 
     </span>
     <span class='ocr_line' id='line_1_61' title="bbox 1024 2288 1465 2334; baseline 0.034 -16"><span class='ocrx_word' id='word_1_209' title='bbox 1024 2288 1161 2322; x_wconf 85' lang='lat' dir='ltr'>Thronis</span> <span class='ocrx_word' id='word_1_210' title='bbox 1189 2293 1250 2326; x_wconf 87' lang='lat' dir='ltr'>duc</span> <span class='ocrx_word' id='word_1_211' title='bbox 1278 2296 1465 2334; x_wconf 88' lang='lat' dir='ltr'>viventium.</span> 
     </span>
    </p>
   </div>
   <div class='ocr_carea' id='block_1_22' title="bbox 161 2372 1485 2494">
    <p class='ocr_par' dir='ltr' id='par_1_22' title="bbox 161 2372 1485 2494">
     <span class='ocr_line' id='line_1_62' title="bbox 241 2372 1485 2432; baseline 0.025 -34"><span class='ocrx_word' id='word_1_212' title='bbox 241 2372 379 2408; x_wconf 85' lang='lat' dir='ltr'>Sequent.</span> <span class='ocrx_word' id='word_1_213' title='bbox 409 2384 460 2401; x_wconf 70' lang='grc' dir='ltr'>[ηε.</span> <span class='ocrx_word' id='word_1_214' title='bbox 491 2376 520 2403; x_wconf 87' lang='lat' dir='ltr'>S.</span> <span class='ocrx_word' id='word_1_215' title='bbox 550 2377 625 2405; x_wconf 83' lang='lat' dir='ltr'>Petri</span> <span class='ocrx_word' id='word_1_216' title='bbox 654 2379 890 2418; x_wconf 84' lang='lat' dir='ltr'>Salisburgensis</span> <span class='ocrx_word' id='word_1_217' title='bbox 921 2387 991 2412; x_wconf 83' lang='lat' dir='ltr'>anni</span> <span class='ocrx_word' id='word_1_218' title='bbox 1022 2386 1102 2416; x_wconf 87' lang='grc'>1603.</span> <span class='ocrx_word' id='word_1_219' title='bbox 1133 2391 1288 2428; x_wconf 83' lang='lat' dir='ltr'>Appendix</span> <span class='ocrx_word' id='word_1_220' title='bbox 1310 2401 1379 2432; x_wconf 86' lang='lat' dir='ltr'>post</span> <span class='ocrx_word' id='word_1_221' title='bbox 1400 2399 1485 2430; x_wconf 86' lang='lat' dir='ltr'>Miss.</span> 
     </span>
     <span class='ocr_line' id='line_1_63' title="bbox 162 2410 1425 2466; baseline 0.025 -31"><span class='ocrx_word' id='word_1_222' title='bbox 162 2410 326 2438; x_wconf 88' lang='lat' dir='ltr'>Romanum</span> <span class='ocrx_word' id='word_1_223' title='bbox 353 2414 420 2448; x_wconf 88' lang='lat' dir='ltr'>imp.</span> <span class='ocrx_word' id='word_1_224' title='bbox 442 2413 568 2442; x_wconf 83' lang='lat' dir='ltr'>Venetis</span> <span class='ocrx_word' id='word_1_225' title='bbox 598 2415 671 2444; x_wconf 85' lang='lat'>1513</span> <span class='ocrx_word' id='word_1_226' title='bbox 696 2419 727 2445; x_wconf 87' lang='lat' dir='ltr'>in</span> <span class='ocrx_word' id='word_1_227' title='bbox 749 2420 826 2448; x_wconf 87' lang='lat' dir='ltr'>Bibl.</span> <span class='ocrx_word' id='word_1_228' title='bbox 849 2420 878 2450; x_wconf 89' lang='lat' dir='ltr'>S.</span> <span class='ocrx_word' id='word_1_229' title='bbox 900 2423 981 2452; x_wconf 87' lang='lat' dir='ltr'>Petri</span> <span class='ocrx_word' id='word_1_230' title='bbox 1002 2425 1239 2464; x_wconf 71' lang='lat' dir='ltr'>Salisburgeusis</span> <span class='ocrx_word' id='word_1_231' title='bbox 1261 2431 1280 2461; x_wconf 92' lang='lat' dir='ltr'>S</span> <span class='ocrx_word' id='word_1_232' title='bbox 1301 2435 1331 2463; x_wconf 89' lang='lat'>11</span> <span class='ocrx_word' id='word_1_233' title='bbox 1356 2436 1425 2466; x_wconf 70' lang='lat'>14³.</span> 
     </span>
     <span class='ocr_line' id='line_1_64' title="bbox 161 2446 1087 2494; baseline 0.019 -19"><span class='ocrx_word' id='word_1_234' title='bbox 161 2446 212 2483; x_wconf 87' lang='lat' dir='ltr'>3a,</span> <span class='ocrx_word' id='word_1_235' title='bbox 238 2449 250 2476; x_wconf 92' lang='lat'>1</span> <span class='ocrx_word' id='word_1_236' title='bbox 273 2450 447 2479; x_wconf 83' lang='lat' dir='ltr'>Iutoxicato.</span> <span class='ocrx_word' id='word_1_237' title='bbox 471 2468 506 2472; x_wconf 97' lang='lat'>—</span> <span class='ocrx_word' id='word_1_238' title='bbox 527 2451 580 2487; x_wconf 83' lang='lat' dir='ltr'>3a,</span> <span class='ocrx_word' id='word_1_239' title='bbox 602 2453 620 2482; x_wconf 85' lang='lat'>2</span> <span class='ocrx_word' id='word_1_240' title='bbox 639 2456 730 2493; x_wconf 84' lang='lat' dir='ltr'>fugat.</span> <span class='ocrx_word' id='word_1_241' title='bbox 757 2473 790 2476; x_wconf 92' lang='lat'>—</span> <span class='ocrx_word' id='word_1_242' title='bbox 814 2458 885 2494; x_wconf 86' lang='lat' dir='ltr'>lob,</span> <span class='ocrx_word' id='word_1_243' title='bbox 906 2460 924 2490; x_wconf 87' lang='grc'><strong>3</strong></span> <span class='ocrx_word' id='word_1_244' title='bbox 944 2463 1087 2493; x_wconf 85' lang='lat' dir='ltr'>Thronos.</span> 
     </span>
    </p>
   </div>
  </div>
 </body>
</html>
