1655 2713
699 187 746 194 —
798 170 870 207 309
921 191 968 198 -

169 259 251 293 lea.
284 259 334 292 Ne
358 262 530 302 permittas
864 270 908 303 16
922 269 952 303 b.
984 273 1022 305 In
1049 276 1156 314 capite

329 311 455 342 saevire
481 315 636 350 tyrannos
1032 323 1149 356 malleo
1178 326 1334 371 tunditur,

277 356 323 389 Et
348 358 468 390 virtute
984 370 1021 402 In
1049 373 1199 405 mamillis

332 405 493 439 confunde
519 409 687 451 superbos,
1029 421 1150 452 acriter
1176 423 1304 461 teritur,

281 452 391 496 Virgo,
420 457 546 488 custodi
572 467 630 490 nos
983 466 1046 498 Per
1073 468 1175 501 latera
1202 471 1264 503 ista

326 511 345 534 a
371 508 465 544 gente
492 504 642 539 barbara.
1031 518 1212 555 percutitur
1238 520 1394 555 Barbara.

158 587 202 619 17
218 595 248 620 a.
279 587 350 620 Vox
366 590 406 621 de
421 591 796 633 caelorepentececinit:
863 599 947 634 171).
979 602 1043 633 Per
1068 603 1206 645 labores,
1235 616 1294 646 per
1320 612 1490 651 tormenta,

281 636 362 669 Veni
388 638 534 679 pulchra,
563 641 636 672 veni
663 642 759 684 laeta,
981 649 1043 681 Per
1068 657 1113 682 tot
1141 654 1224 685 mala
1251 656 1375 688 insueta

326 685 419 727 Veni,
446 688 671 731 coronaberis3
1027 698 1185 739 Sponsum
1204 712 1319 742 agnum
1334 707 1489 745 sequeris,

156 770 200 803 18
212 779 241 804 a.
273 772 364 812 Quod
388 774 544 817 postulas,
570 776 762 819 impetrasti,
854 783 896 816 18
909 782 939 817 b.
973 784 1063 816 Tunc
1083 786 1246 820 confertur
1265 791 1372 829 palma
1387 793 1486 825 victo-

273 820 343 852 Nec
368 830 387 852 a
414 831 490 854 vero
518 825 680 857 recessisti
1257 839 1333 877 riae,

274 868 317 900 Et
346 873 476 902 strenue
504 872 678 905 decertasti
970 881 1083 913 Honor
1094 883 1484 927 daturaeternaegloriae‚

319 917 357 949 In
383 918 444 950 hoc
470 920 554 952 vitae
581 922 696 955 stadio.
969 930 1056 969 Quae
1071 931 1177 962 vicisti
1193 932 1308 965 fortem
1321 938 1485 974 potentiae

1017 979 1053 1009 In
1080 984 1169 1011 tauto
1200 983 1333 1020 proelio.

149 1031 237 1064 19a.
267 1032 357 1064 Haec
383 1035 488 1066 oravit
849 1044 890 1075 19
903 1043 933 1076 b.
966 1046 1002 1076 In
1027 1046 1173 1078 adversis

317 1086 430 1121 petens
457 1083 664 1129 suffragium3
1014 1094 1135 1126 donans
1163 1098 1340 1130 remedium

265 1130 326 1169 Qui
354 1131 492 1172 denegat
967 1141 1101 1182 Semper
1128 1144 1219 1176 adest

313 1179 436 1210 nullum
462 1179 660 1222 obsequium,
1015 1189 1121 1222 ferens
1148 1193 1313 1229 auxilium.

140 1263 227 1297 20a.
260 1264 292 1296 Si
320 1266 391 1305 quis
418 1276 541 1299 memor
841 1276 884 1308 20
896 1275 927 1309 b.
960 1276 1043 1308 Dum
1074 1280 1195 1310 venerit

308 1314 351 1345 sit
376 1316 438 1346 mei
464 1318 612 1358 nominis,
1006 1330 1132 1366 tempus
1160 1329 1314 1361 examinis

259 1361 441 1395 Meditetur
957 1373 999 1405 Et
1026 1374 1139 1407 abdita

302 1420 383 1451 opus
410 1413 581 1453 passionis.
1004 1423 1160 1462 patebunt
1189 1425 1336 1463 hominis,

256 1457 323 1491 Nos
349 1460 404 1500 qui
429 1470 538 1493 sumus
956 1469 1005 1501 Ne
1033 1471 1173 1503 districti

303 1517 377 1540 caro
403 1514 500 1550 atque
527 1511 616 1554 cinis,
1003 1519 1109 1559 rigore
1135 1521 1250 1553 iudicis

351 1557 397 1588 Te
422 1567 607 1599 precamur,
1049 1569 1229 1602 Feriamur.

131 1642 174 1675 21
186 1651 215 1674 a.
249 1643 348 1676 Pater
366 1643 477 1677 furens
496 1650 635 1678 montem
650 1649 789 1694 scandit,
829 1652 870 1684 21
884 1651 915 1684 b.
948 1652 1184 1688 Descendendo
1225 1656 1345 1691 fulmen
1373 1662 1469 1701 rapit,

249 1691 311 1723 Illa
337 1697 452 1732 sponte
479 1695 595 1727 collum
623 1697 727 1729 tendit
949 1702 1039 1742 Quod
1055 1712 1113 1735 nec
1128 1705 1234 1744 pulvis
1249 1707 1333 1739 ullus
1351 1710 1469 1742 mansit

247 1741 354 1772 Patris
389 1742 456 1774 ictu
482 1752 575 1776 caesa
601 1746 763 1787 pugionis.
948 1750 1018 1782 Nec
1044 1752 1219 1793 quidquam
1247 1757 1403 1796 corporis.

121 1828 168 1860 22
179 1836 208 1861 a.
241 1830 322 1868 Ave,
349 1830 459 1869 proles
486 1832 653 1875 creatoris,
823 1836 866 1868 22
880 1836 911 1871 b.
945 1837 1115 1878 Supplicat
1143 1850 1227 1872 nunc
1253 1842 1368 1875 chorus
1391 1844 1465 1885 iste,

241 1878 323 1915 Ave,
349 1887 469 1918 sponsa
496 1879 723 1923 redemptoris,
941 1887 1005 1919 Per
1033 1887 1222 1929 Barbarum,
1250 1892 1303 1930 pie
1322 1892 1462 1934 Christe,

241 1924 347 1969 Salve,
376 1935 471 1960 serva
498 1929 724 1971 redemptoris,
942 1935 1045 1967 Irasci
1072 1937 1165 1969 nobis
1194 1939 1324 1977 desiste,

285 1975 485 2016 Angelorum
511 1979 634 2010 nuntia.
988 1984 1048 2024 Qui
1075 1994 1108 2017 es
1135 1996 1212 2019 vera
1239 1989 1341 2022 venia.

193 2059 356 2088 Collectan.
386 2071 439 2090 ms.
466 2063 655 2092 Victorinum
682 2074 758 2094 saec.
787 2064 847 2103 [13.
878 2067 936 2105 15.]
966 2068 1007 2097 16.
1031 2072 1101 2099 Cod.
1125 2073 1250 2101 Parisin.
1281 2074 1388 2102 14872.
1418 2091 1455 2095 —

110 2098 169 2126 Mit
191 2099 244 2127 der
264 2099 374 2128 Chiffre
397 2101 448 2128 des
463 2102 573 2130 Autors
595 2103 656 2131 und
680 2104 732 2132 der
745 2106 923 2135 Jahreszahl
948 2107 1030 2138 1574.
1054 2125 1089 2130 —
1115 2110 1149 2139 10
1160 2113 1186 2145 b,
1209 2112 1226 2140 3
1249 2114 1393 2149 aequalia.
1415 2131 1454 2136 —

113 2135 184 2171 131),
210 2137 223 2166 1
246 2147 354 2167 comes.
377 2154 416 2158 —
440 2139 514 2174 161),
537 2139 554 2168 6
577 2142 667 2170 beata
688 2144 831 2172 Barbara.
853 2163 890 2167 -—
912 2144 947 2174 21
961 2156 987 2179 a,
1009 2146 1028 2175 2
1049 2150 1161 2177 coliem.
1185 2166 1223 2170 -
1244 2150 1315 2182 2⁴2³,
1338 2152 1355 2179 :3
1378 2157 1452 2182 statt

108 2176 305 2213 redemptoris
325 2178 387 2211 (cfr.
410 2177 488 2212 2221.
518 2177 547 2213 2)
568 2181 608 2208 ist
629 2180 858 2212 sanctificatoris
880 2195 916 2213 zu
938 2191 1102 2215 vermuten.

569 2312 632 2344 341.
675 2314 718 2345 De
739 2317 847 2348 saneto
869 2317 987 2350 Blasio.

130 2393 190 2426 la.
221 2392 348 2426 Psallat
365 2393 504 2426 mundus
521 2394 764 2439 corde'mundo,
833 2398 849 2431 1
863 2397 895 2434 b.
929 2400 997 2432 Vox
1024 2409 1143 2434 canora
1165 2405 1269 2436 nostri
1296 2405 1385 2438 chori

223 2441 444 2474 Iucundemur
467 2442 502 2474 in
528 2443 588 2474 hoc
610 2444 742 2485 mundo,
926 2447 1056 2481 Laudes
1082 2455 1208 2490 promat
1234 2453 1410 2499 conditori,

272 2489 430 2523 Laetetur
455 2491 612 2530 ecclesia;
973 2497 1034 2537 Qui
1061 2498 1204 2540 disponit
1226 2503 1342 2535 omnia.
