1655 2713
681 167 927 202 —171—

168 262 229 292 5a.
262 259 380 292 Plenus
405 262 538 294 malitiis
867 264 928 298 5b.

263 309 370 348 Atque
396 308 527 350 flagitiis

262 356 450 389 Daemoniis
477 359 580 391 tribus

263 405 430 444 Virginem
458 405 596 439 fortibus

315 453 468 495 Temptat
496 456 686 496 Cyprianus.

167 536 188 568 6
203 545 233 568 a.
266 535 400 567 Praesul
411 534 515 568 factus
525 542 667 570 sanctam
676 538 780 578 ipsam
863 541 882 572 6
895 538 926 571 b.

263 583 433 616 Dominam
460 588 492 616 et
517 584 716 618 abbatissam

314 632 489 664 Constituit
512 633 685 673 virginum.

167 713 185 745 7
200 722 229 746 a.
263 713 415 746 Sanctum
429 715 613 751 iussintunc
627 716 780 756 suspendi
864 717 881 749 7
894 717 927 751 b.

265 762 309 794 Et
336 763 492 795 Iustinam
518 765 602 795 male
629 764 721 796 caedi

314 810 428 843 Comes
454 811 648 849 Eutulinius‚

169 892 229 926 83.
266 892 528 933 Sedcumgrates
540 893 658 925 dantin
670 894 779 933 caelis,
867 893 927 927 Sb.

264 940 376 973 Comes
404 941 503 973 durus
529 945 561 972 et
587 941 727 973 crudelis

265 989 363 1020 Iussit
389 992 551 1029 tamquam
577 988 717 1021 infidelis

311 1036 399 1068 Fieri
425 1037 639 1079 sartaginem3

165 1120 226 1151 9³.
259 1119 296 1150 In
322 1128 384 1158 qua
410 1122 541 1150 manent.
565 1118 684 1150 illibati
862 1119 924 1152 9b.

260 1166 303 1198 Et
330 1166 362 1197 in
389 1166 477 1198 nullo
503 1166 634 1207 violati;

263 1213 327 1246 Sed
341 1218 414 1254 post
428 1214 508 1246 haec
522 1218 596 1246 sunt
612 1215 773 1258 decollati,

263 1262 317 1294 Sic
342 1273 362 1295 a
387 1263 518 1296 Christo
544 1264 689 1295 coronati

313 1310 404 1345 Urbe
430 1311 631 1344 Nicomedia.

142 1393 227 1426 loa.
260 1392 286 1425 Ο
313 1393 446 1434 Iustina,
475 1402 530 1424 vas
556 1393 697 1435 honoris,
840 1394 882 1427 10
895 1393 925 1428 b.

262 1440 451 1472 Honestatis
477 1450 515 1473 ac
540 1441 686 1481 pudoris,

264 1489 437 1530 Cypriane,
467 1498 522 1521 vas
549 1489 686 1529 decoris,

264 1537 448 1578 Incorrupti
475 1536 533 1569 flos
558 1538 680 1577 odoris,

312 1586 464 1617 Formam
491 1586 576 1618 datis
601 1586 741 1620 saeculo.

961 264 1170 297 Pharmacum
1197 263 1371 304 spargitur,

961 313 1025 345 Sed
1053 321 1130 344 crux
1157 312 1361 352 imprimitur,

962 361 1074 393 Hostis
1100 361 1284 401 expellitur,

963 409 1079 450 Magus
1106 410 1311 451 convertitur,

1012 457 1083 489 Stat
1108 458 1141 489 in
1169 457 1233 489 fide
1258 467 1364 489 sanus.

961 539 1020 570 Ille
1047 539 1155 570 multis
1181 538 1401 579 praedicabat.

963 587 1052 618 Haec
1079 587 1196 618 multos
1221 586 1426 618 illuminabat

1008 636 1206 668 Convertens
1231 635 1273 667 ad
1292 635 1476 667 Dominum.

959 717 1145 748 l’raesulem
1172 717 1360 757 exungulari

963 765 1126 805 Virginem
1151 765 1317 805 exalapari

1006 814 1034 844 A
1062 812 1324 852 spiculatoribus,

960 898 1049 933 Quae
1083 903 1155 926 cum
1182 893 1295 926 fuisset
1322 903 1477 926 succensa

961 942 1049 981 Pice,
1078 942 1174 982 adipe
1197 951 1234 974 ac
1259 951 1343 978 cera,

959 990 1048 1022 Mitti
1075 991 1242 1031 praecepit
1269 991 1300 1021 in
1328 1000 1365 1022 ea

1009 1038 1193 1070 Praesulem
1233 1047 1270 1070 ac
1307 1039 1473 1078 virginem.

957 1119 1037 1151 Inde
1064 1120 1199 1152 Romam
1225 1124 1298 1152 sunt
1326 1121 1436 1153 delati.

959 1168 1094 1200 Demum
1122 1168 1197 1200 inde
1221 1173 1294 1200 sunt
1320 1169 1474 1200 translati

958 1216 999 1247 Et
1027 1216 1059 1248 in
1086 1220 1201 1257 crypta
1227 1217 1374 1249 tumulati

959 1264 1083 1305 Corpus
1098 1269 1239 1301 sanctae,
1257 1270 1353 1305 caput
1368 1266 1472 1297 sancti

1008 1314 1045 1345 In
1071 1313 1153 1347 urbe
1180 1313 1359 1346 Placentia.

958 1394 1131 1434 Cypriane,
1159 1404 1177 1427 o
1205 1395 1351 1435 disserte,

959 1442 984 1474 Ο
1012 1443 1144 1483 Iustina,
1172 1443 1263 1474 nobis
1288 1448 1374 1475 certe

959 1490 1047 1522 Caeli
1081 1494 1195 1530 portae
1230 1496 1303 1523 sunt
1329 1495 1475 1532 apertae,

959 1539 1060 1579 Opem
1096 1543 1236 1571 vestram
1271 1540 1362 1572 nobis
1391 1539 1476 1573 ferte

1007 1587 1113 1619 Iuncti
1136 1597 1207 1620 cum
1234 1588 1411 1629 theognito.

221 1666 382 1694 Collectan.
416 1676 469 1694 ms.
498 1667 704 1695 Placentinum
736 1675 812 1696 saec.
847 1666 921 1702 ¹²s13.
949 1668 1019 1695 Cod.
1050 1668 1145 1704 Capit.
1172 1669 1337 1696 Placentin.
1367 1668 1411 1697 65.
1440 1684 1476 1689 —

142 1705 198 1732 Mit
219 1706 358 1734 Melodie.
382 1720 415 1724 —
438 1704 503 1738 2b,
533 1705 546 1733 1
570 1707 654 1734 ursit.
675 1721 713 1725 -
733 1705 796 1740 5b,
825 1705 838 1733 l
866 1707 970 1734 Farme
991 1715 1039 1734 um
1062 1705 1104 1743 [r].
1126 1721 1162 1725 —
1184 1706 1245 1741 91),
1278 1707 1289 1735 1
1314 1709 1417 1736 Roma.
1440 1724 1477 1728 —

143 1744 294 1772 Abschrift
316 1754 374 1772 von
395 1746 467 1773 Rev.
492 1745 530 1772 H.
548 1746 588 1772 M.
612 1746 779 1773 Bannister.

507 1887 568 1920 186.
611 1888 644 1919 ln
667 1887 889 1920 Translatione
911 1897 934 1920 s.

165 1979 181 2011 1
194 1987 225 2012 a.
257 1978 386 2020 Insigne
409 1980 616 2020 praeconium
870 1983 882 2013 1
898 1980 928 2015 b.

260 2028 333 2060 Vox
355 2028 491 2060 resultet
516 2029 656 2062 omnium

310 2076 347 2108 In
374 2077 516 2110 Iustinae
543 2076 706 2117 laudibus,

166 2159 226 2192 2a.
257 2157 428 2200 Sigefredo
453 2160 636 2192 condonata
863 2160 927 2194 2b.

259 2207 332 2239 Huc
357 2217 376 2240 a
401 2208 504 2241 Roma
529 2211 604 2240 sunt
631 2208 740 2240 delata

309 2255 376 2289 Sub
404 2255 540 2292 obtentu
565 2257 689 2298 gloriae

166 2339 225 2375 3a.
255 2340 346 2373 Haec
371 2342 420 2372 est
445 2339 504 2372 illa
529 2339 628 2372 corde
654 2348 733 2372 sano
864 2339 928 2374 ab.

262 2389 362 2430 Virgo
386 2388 497 2421 iuncta
523 2388 687 2429 cypriano

309 2437 437 2471 Sodalis
463 2437 497 2470 in
524 2435 648 2477 funere,

956 1889 1107 1921 Iustinae.

959 1981 1056 2014 Cuius
1083 1990 1176 2022 nunc,
1206 1982 1379 2023 Placentia,

961 2030 1085 2062 Ditaris
1112 2031 1306 2071 praesentia,

1010 2078 1168 2110 Membris
1195 2084 1227 2110 et
1254 2079 1439 2112 virtutibus.

960 2161 1063 2193 Huius
1089 2161 1233 2193 membra
1259 2162 1428 2202 gloriosae,

959 2209 1036 2241 Tam
1056 2210 1202 2250 insignis,
1220 2214 1284 2241 tam
1305 2209 1475 2252 formosae,

1010 2257 1166 2289 Feliciter
1192 2258 1298 2292 hodie.

959 2341 1060 2381 Quam
1079 2344 1156 2372 tunc
1174 2349 1284 2381 magus
1303 2345 1335 2372 et
1348 2345 1476 2381 proter-

1244 2398 1312 2431 vuS,

959 2437 1158 2469 Daemonum
1191 2441 1227 2469 ut
1259 2442 1329 2470 erat
1355 2447 1478 2480 servus,

1008 2485 1106 2517 Nisus
1133 2490 1181 2517 est
1208 2495 1427 2528 corrumpere.
