1655 2713
714 169 972 206 —279-

199 252 260 286 32.
294 253 464 297 Mundum,
483 268 623 301 carnem,
643 263 813 299 daemonia
897 271 960 305 3b.
994 273 1109 306 Mundi
1136 284 1246 308 cursus
1273 281 1305 308 et
1331 279 1440 311 taedia

297 301 440 337 Domans
467 308 535 340 eius
563 314 744 346 constantia
992 321 1197 356 Transcurrit
1224 334 1294 356 cum
1323 327 1469 363 victoria.

198 389 261 420 4a.
293 388 356 422 Die
382 394 520 432 quodam
548 397 596 429 sic
621 401 753 442 accidit,
897 407 960 442 4b.
992 408 1159 443 Certantes
1185 413 1255 452 pari
1283 412 1415 446 foedere

294 438 385 470 Inter
415 441 557 476 latrones
584 448 702 480 cecidit
993 457 1144 490 Sanctum
1172 461 1211 492 de
1235 463 1353 494 mundo
1375 463 1500 496 tollere.

198 525 258 556 5a.
290 525 434 560 Confusa
459 531 517 562 sed
543 532 574 563 in
602 543 679 566 aera
895 541 955 574 5b.
989 544 1076 582 Quae
1098 555 1157 585 per
1179 553 1323 580 sanctum
1343 550 1379 581 fit
1397 550 1499 583 libera

291 573 459 609 Vibrantis
496 581 618 619 pendet
653 584 799 619 dextera.
987 592 1132 632 Rogante
1159 596 1253 628 turba
1281 602 1399 631 cetera.

193 659 255 691 Ga.
289 660 389 699 Quam
417 663 496 697 felix
522 672 569 698 est
597 669 769 710 largolium
890 675 953 710 eb.
987 679 1088 711 Immo
1115 681 1255 714 iucunda
1280 686 1412 717 nimium

338 710 388 742 Ex
416 712 509 745 istius
536 719 731 759 praesentia,
1035 727 1096 759 Per
1130 730 1233 769 ipsum
1269 738 1337 765 tota
1371 735 1497 774 patria!

192 794 248 827 7a.
281 795 349 827 Nec
369 798 506 839 languor
520 807 640 834 estnec
656 806 807 849 taedium,
888 810 948 843 7b.
982 812 1081 844 Urbis
1107 818 1236 854 praesul
1265 818 1447 853 Cavallieae

286 843 350 876 Sed
386 856 444 878 nec
471 849 570 881 ullum
597 853 801 893 supplicium,
984 860 1150 902 Tantoque
1177 865 1291 904 dignus
1318 869 1421 909 apice,

286 893 368 932 Quin
399 904 460 934 per
485 899 590 930 sancti
615 900 800 942 suffragium
986 908 1117 940 Praesul
1145 918 1214 943 erat
1241 914 1271 944 in
1299 918 1447 956 supplice

286 940 474 975 Praestetur
505 945 578 978 huic
610 950 797 982 remedium.
983 956 1024 986 Et
1051 960 1188 998 supplex
1216 961 1247 992 in
1275 965 1439 1001 pontifice.

187 1025 247 1058 Sa.
279 1027 433 1060 Miranda
459 1039 527 1063 res:
557 1033 630 1064 dum
650 1036 797 1076 moritur,
884 1040 946 1073 eb.
979 1042 1041 1074 Sed
1078 1045 1230 1085 pallium,
1266 1059 1327 1088 quo
1363 1053 1490 1094 tegitur,

282 1076 350 1114 Quo
377 1075 510 1120 feratur,
538 1081 725 1125 ambigitur2
981 1090 1069 1122 Viam
1098 1101 1280 1131 monstrans
1308 1100 1491 1142 extollitur3

184 1160 247 1192 9a.
280 1161 333 1193 Ad
369 1162 514 1204 Sergiam
556 1176 618 1207 quo
653 1172 797 1209 praevio,
886 1175 948 1208 9b.
982 1177 1104 1210 (juncto
1131 1181 1217 1213 sicco
1245 1185 1379 1224 vestigio

281 1210 349 1249 Quo
375 1211 507 1245 invento
533 1216 674 1259 navigio,
979 1225 1092 1258 Diviso
1119 1230 1233 1269 migrat
1261 1231 1369 1265 fluvio.

157 1294 200 1325 10
212 1303 241 1326 a.
275 1296 336 1327 Hic
362 1303 506 1342 sanctus,
537 1302 625 1334 cuius
652 1306 766 1338 merita
855 1310 897 1342 10
910 1309 939 1342 b.
973 1312 1037 1344 Iam
1068 1314 1165 1348 habet
1193 1318 1278 1349 vitae
1305 1322 1448 1359 praemia

277 1343 376 1376 Novit
401 1346 488 1379 Deus
516 1354 581 1381 tam
608 1352 731 1391 inclita,
966 1360 1027 1391 Dei
1054 1364 1157 1402 patris
1185 1365 1215 1396 in
1242 1367 1355 1406 gloria.

154 1429 236 1461 lla.
270 1431 341 1462 Illic
367 1433 438 1472 ipse
465 1443 535 1466 cum
564 1439 680 1470 ceteris
849 1445 936 1478 11b.
969 1448 1013 1480 Ut
1040 1458 1096 1480 nos
1123 1450 1233 1491 iungat
1260 1462 1330 1484 cum
1356 1458 1483 1495 superis

273 1479 336 1511 Pro
362 1481 455 1514 nobis
481 1489 552 1516 oret
577 1487 714 1525 miseris,
967 1495 1119 1536 Largitor
1144 1501 1257 1531 summi
1286 1505 1436 1536 muneris.

152 1564 194 1596 12
207 1574 236 1598 a.
268 1565 336 1597 Nos
362 1567 422 1599 hoc
447 1576 598 1610 rogantes
624 1575 744 1614 aspice,
850 1580 892 1612 12
905 1579 935 1612 b.
968 1581 1098 1622 Nosque
1125 1591 1307 1619 sanctorum
1335 1589 1427 1623 effice

270 1614 296 1646 Ο
324 1615 546 1650 dominantum
572 1620 719 1665 Domine,
970 1629 1092 1670 Dignos
1121 1633 1333 1670 beatitudine.

224 1689 308 1717 Miss.
330 1692 501 1722 Parisiense
529 1697 597 1732 imp.
621 1698 745 1727 Parisiis
778 1701 860 1730 1585.
885 1721 919 1724 —
947 1704 1005 1738 7b.
1041 1706 1051 1733 l
1078 1708 1255 1738 cavellieae.
1280 1727 1314 1731 —
1338 1715 1480 1742 Melodie:

145 1727 292 1756 luterni
325 1729 416 1759 festi
445 1735 594 1769 gaudia.

588 1832 650 1863 315.
692 1833 734 1865 De
756 1838 865 1867 sancto
888 1837 1026 1870 Victore.

522 1922 553 1954 1.
584 1922 743 1965 Martyris
771 1926 910 1960 Victoris
938 1930 1051 1963 laudes

582 1979 733 2006 resonent
762 1975 948 2011 Christiani.

164 2051 224 2083 2a.
256 2051 397 2086 Mortem
425 2055 454 2087 ei
480 2056 590 2090 intulit
863 2065 927 2100 2b.
959 2067 1049 2099 Mors
1077 2074 1106 2099 et
1136 2071 1202 2103 vita
1230 2073 1338 2105 duello

260 2099 354 2134 ferox
381 2103 611 2147 Maximianus,
958 2116 1132 2149 conflixere
1156 2120 1315 2159 mirando,

258 2149 366 2192 Bonis,
397 2153 484 2192 velit,
513 2155 605 2195 nolit,
957 2164 1086 2205 Martyr
1117 2168 1239 2200 Christi
1267 2179 1378 2203 caesus

256 2200 393 2239 prodest
419 2201 534 2236 malus.
956 2218 1069 2254 regnat
1094 2216 1196 2250 vivus.

159 2284 223 2317 3a.
256 2284 320 2317 Dic
345 2287 452 2329 nobis,
479 2289 614 2329 athleta,
860 2297 923 2332 3b.
953 2299 1124 2332 Cruciatus
1151 2301 1263 2341 sortes,

253 2333 339 2373 Quid
365 2336 478 2368 vidisti
502 2338 533 2370 in
561 2339 696 2380 pugna?
954 2347 1117 2381 Miracula
1144 2358 1218 2382 sunt
1245 2356 1355 2397 testes,

252 2383 417 2416 Vexillum
445 2385 567 2419 Chn'sti
602 2390 767 2428 regnantis
950 2396 1004 2427 Ad
1047 2398 1135 2430 cuins
1175 2409 1288 2439 preces
1325 2403 1468 2436 defuncti

253 2430 299 2463 Et
323 2433 461 2473 gloriam
953 2443 1168 2481 suscitantur.

302 2481 371 2514 vidi
397 2483 605 2518 consolantis.
999 2500 1156 2528 sanantur
1181 2497 1311 2533 infirmi.
