1655 2713
655 167 700 171 —
750 148 820 184 203
873 170 914 174 ——

135 239 197 271 2a.
232 238 360 271 Nobilis
386 242 549 274 natalibus
838 245 902 278 2b.
933 246 1029 279 Cuius
1055 245 1295 286 pulchritudine

232 285 318 329 Fuit,
348 289 406 320 sed
433 290 620 333 gentilibus,
932 295 1096 326 Accensus
1123 293 1259 325 libidine

279 335 323 367 Et
350 336 565 371 Antiochena.
985 341 1110 374 Profert
1138 342 1237 374 verba
1263 342 1335 374 lena

136 457 197 488 3a.
231 455 374 488 Olibrius
401 456 529 497 virgini.
837 461 898 494 3b.
933 463 1031 494 Prece
1057 471 1159 502 neque
1186 463 1308 503 pretio·‚

231 503 357 536 Tantae
382 505 578 544 turpitudini
935 510 1074 550 Virginis
1099 511 1266 550 responsio

282 551 354 584 Non
380 553 449 584 vult
474 555 633 586 assentire
981 558 1070 589 Facit
1099 559 1182 590 hunc
1208 559 1342 591 saevire.

135 674 197 704 4a.
230 672 350 705 Christi
377 672 475 705 fidem
502 674 670 717 confitens,
837 677 901 709 4b.
933 678 1040 710 Exuta
1066 680 1284 718 suspenditur,

232 721 295 752 Hic
321 720 398 753 fidei
424 722 567 754 renitens
728 751 730 753 .
941 726 1135 758 Verberibus
1163 727 1318 760 caeditur.

281 769 375 802 Hanc
398 770 624 804 incarceravit.
983 774 1118 814 Sanguis
1146 779 1264 806 terram
1293 776 1383 808 lavit.

137 893 198 922 5³.
231 889 375 922 Sustinet
399 890 432 921 in
459 891 577 931 gaudio
838 892 900 925 5b.
933 893 1069 924 Carnem
1096 895 1215 925 scindit
1243 895 1354 926 durior

233 938 297 970 Pro
321 942 411 970 tanto
437 939 593 978 martyrio
934 941 1072 981 Ungula,
1100 946 1175 973 tunc
1202 941 1317 974 fortior

283 986 381 1027 Virgo
407 995 466 1018 nec
492 987 645 1027 suspirat.
982 989 1035 1021 Ad
1063 990 1168 1021 caelos
1195 991 1328 1030 aspirat.

137 1109 198 1142 6a.
232 1107 312 1141 Ossa
338 1109 434 1146 nuda,
462 1109 586 1141 viscera
842 1109 904 1143 6b.
937 1110 1059 1142 Lumen
1086 1110 1203 1142 clarius
1229 1111 1296 1142 sole

235 1156 313 1188 Vice
339 1160 451 1198 patent
477 1157 600 1196 altera3
933 1159 1160 1191 Incarceratae
1187 1159 1274 1190 solae

284 1204 337 1237 Sic
363 1205 594 1238 incarceratur.
982 1207 1029 1239 De
1057 1207 1145 1238 caelo
1171 1207 1356 1240 mandatur.

139 1325 199 1358 7a.
231 1325 328 1366 Signo
355 1327 460 1358 crucis
483 1327 612 1367 fugatus
840 1327 899 1361 7b.
931 1328 1081 1360 Formam
1109 1329 1245 1368 sumpsit
1264 1329 1446 1370 humanam,

232 1373 307 1406 Fuit
333 1375 582 1415 transfiguratus
934 1376 1032 1416 Virgo
1059 1377 1204 1418 percepit
1234 1386 1344 1408 vanam

283 1422 425 1454 Daemon
452 1424 485 1455 in
513 1423 704 1463 draconem3
980 1425 1074 1456 Hanc
1097 1425 1288 1457 illusionem.

131 1543 190 1576 Sa.
222 1544 357 1576 Hostem
386 1544 455 1576 solo
482 1549 681 1585 prostratum
834 1544 898 1579 8b.
932 1546 1032 1578 Servo
1059 1554 1118 1577 nec
1143 1545 1276 1577 consilio

225 1592 358 1624 Dimisit
385 1593 607 1626 conculcatum
929 1592 1078 1633 Faveret‚
1106 1593 1231 1625 Olibrio

274 1641 382 1680 Dicto,
411 1650 469 1673 cur
496 1642 646 1683 venisset,
976 1641 1044 1673 Nec
1072 1642 1121 1674 dis
1147 1641 1343 1673 oboedisset.

131 1759 190 1789 Oa.
223 1755 324 1796 Virgo
357 1760 432 1796 post
464 1756 544 1788 haec
571 1761 745 1798 crematur,
832 1756 894 1791 9b.
927 1757 1031 1789 Terra
1057 1762 1153 1797 mota,
1182 1758 1317 1789 vinculis

227 1804 322 1845 Aqua
349 1803 562 1847 refrigeratur
927 1806 1056 1846 Ruptis,
1083 1815 1102 1838 a
1128 1806 1281 1846 periculis

275 1853 372 1886 Dolio
395 1853 512 1895 ligata3
974 1854 1053 1886 Exit
1079 1855 1124 1886 nil
1151 1859 1294 1895 gravata.

106 1970 189 2003 10a.
219 1969 400 2002 Duodecim
427 1970 517 2003 milia
810 1970 896 2005 lob.
928 1971 1007 2004 Orat
1033 1980 1092 2010 pro
1119 1971 1307 2006 tortoribus,

227 2018 312 2050 Fere
338 2019 487 2058 credunt,
513 2020 603 2052 varia
932 2020 995 2052 Pro
1021 2029 1055 2052 se
1083 2019 1332 2060 deprecantibus

274 2067 366 2100 Mors
391 2068 467 2100 illos
492 2069 657 2103 mactavit.
979 2068 1095 2100 Preces
1121 2069 1318 2108 impetravit.

105 2184 189 2218 lla.
224 2184 349 2218 Collum
375 2188 471 2226 parat
497 2185 617 2226 gladio,
805 2185 845 2218 11
860 2184 893 2218 b.
924 2185 1003 2217 Eius
1031 2185 1212 2225 patrocinio

222 2233 418 2276 Triumphat
442 2233 601 2274 martyrio
924 2233 1037 2266 Secum
1065 2234 1097 2264 in
1125 2233 1261 2273 collegio

271 2282 386 2323 Capite
411 2286 572 2316 truncato.
972 2282 1039 2313 Nos
1066 2282 1177 2321 iungat
1205 2281 1308 2312 beato.

179 2398 263 2425 Miss.
285 2398 446 2425 Briocense
474 2398 544 2433 imp.
567 2395 746 2431 Rothomagi
769 2404 790 2421 s.
815 2403 841 2422 a.
863 2392 995 2431 [1502?].
1018 2394 1052 2421 A.
1074 2408 1110 2412 —
1133 2394 1215 2420 Miss.
1238 2394 1443 2422 Maeloviense

101 2437 172 2474 imp.
194 2435 373 2473 Rothomagi
397 2433 480 2464 1503.
503 2436 533 2463 Β.
558 2451 595 2455 -
609 2435 693 2462 Miss.
715 2433 931 2470 Andegavense
954 2435 1023 2469 imp.
1045 2432 1224 2468 Rothomagi
1250 2431 1331 2461 1543.
1359 2432 1390 2460 C.
1406 2448 1443 2451 —

101 2474 156 2510 3b,
179 2472 197 2503 3
222 2476 335 2504 servire
356 2474 388 2502 C.
409 2490 447 2493 —
471 2473 543 2507 llb,
565 2472 582 2501 3
605 2473 740 2501 Christus
762 2481 816 2500 nos
837 2473 870 2500 B.
