1655 2713
704 199 752 204 —
801 182 871 218 :323
919 203 967 209 —

169 267 258 300 38³.
286 269 510 314 Adhortatur;
535 274 592 306 sed
619 276 728 315 puella
866 282 911 314 38
923 281 952 315 b.
985 282 1049 316 Sed
1071 284 1103 316 in
1121 290 1267 318 sanctum
1278 287 1502 321 debacchatur

255 315 258 318 ’
294 317 377 348 Petit
409 319 481 351 dari
506 321 539 352 in
566 324 724 367 scultella,
761 365 763 368 ¹
984 333 1122 364 Insidias
1149 338 1179 365 et
1206 335 1346 375 molitur,

290 364 373 397 Dum
407 367 538 401 saltavit
574 371 659 403 intra
685 374 800 414 aulam,
982 379 1142 413 Herodias
1168 386 1243 414 tunc
1269 384 1383 416 nititur

337 413 441 454 Caput
452 417 605 450 Iohannis
618 419 799 462 Baptista&
1029 428 1082 460 Sic
1108 430 1230 463 incesta
1256 436 1452 472 retorquere.

164 509 248 543 3921.
283 509 355 542 Rex
381 511 529 546 Herodes
556 514 759 557 furibundus,
859 522 903 555 39
915 522 944 554 b.
977 523 1489 567 Statimmaudatperministrum

285 558 377 597 Quod
393 561 528 594 miratur
542 568 627 596 totus
647 567 793 608 muudus,
974 572 1075 612 Caput
1103 575 1169 605 eius
1196 575 1420 619 auferendum,

336 608 474 648 Propter
485 610 603 643 factum
615 613 850 656 detestandum⁷
1032 621 1075 654 Ut
1102 622 1240 654 solveret
1260 625 1494 659 iusiurandum.

163 702 209 734 40
220 712 250 735 a.
282 703 464 744 Imponitur
490 713 586 748 caput
613 709 712 749 disco,
861 716 905 747 4O
917 715 947 749 b.
980 717 1049 748 Rex
1075 723 1230 758 tyrannus
1257 723 1470 754 contristatur

283 753 374 790 Quod
401 754 516 787 afferre
543 757 630 788 iubet
658 759 731 801 cito,
978 765 1019 796 Et
1047 774 1085 797 ex
1114 773 1185 798 voto
1213 776 1442 809 commovetur,

282 800 324 832 Et
352 806 386 832 ut
414 803 503 834 vivus
529 805 700 843 iudicatur,
978 812 1081 845 Tanto
1108 816 1275 848 commisso
1302 824 1433 856 peracto

281 848 379 881 Cuius
408 851 513 883 vultus
541 862 603 885 non
632 859 782 888 mutatur.
1023 861 1231 901 Expavescst,
1260 866 1464 899 exturbatur.

158 945 246 977 4121.
277 945 316 977 In
343 952 476 987 aspectu
503 952 603 981 terret
628 956 749 991 gentes,
852 955 893 986 41
909 953 939 988 b.
971 956 1094 988 Clamat
1122 960 1250 1000 sanguis
1277 961 1345 992 sine
1373 972 1449 994 voce

279 994 522 1027 Conturbantur
539 999 648 1036 corda,
668 1005 789 1031 mentes
971 1003 1013 1034 Et
1038 1007 1120 1044 quod
1149 1007 1250 1038 iustus
1278 1008 1339 1039 fert
1364 1010 1483 1042 iniuste

324 1042 428 1074 Tanto
453 1049 587 1084 peracto
613 1047 753 1089 scelere3
1021 1053 1157 1094 Propter
1175 1056 1278 1087 scelus
1300 1057 1482 1091 adulterae.

157 1138 240 1170 42a.
273 1139 299 1171 Ο
327 1139 459 1172 lucerna
485 1143 604 1174 mundo
631 1144 751 1184 lucens⁷
849 1149 892 1180 42
906 1147 936 1182 b.
970 1149 1107 1190 Lampas
1151 1153 1280 1191 mundi,
1328 1155 1483 1194 splendor

275 1187 342 1218 Nos
365 1189 407 1220 ad
427 1198 535 1221 veram
548 1191 651 1222 lucem
667 1192 787 1225 ducens
1195 1202 1285 1239 caeli,

322 1236 498 1270 Obvolutos
526 1239 679 1280 caligine!
969 1245 1045 1280 Nos,
1074 1248 1127 1286 qui
1154 1258 1261 1280 sumus
1280 1249 1356 1282 sacti
1384 1253 1481 1294 caeci,

1013 1295 1081 1326 Tuo
1108 1296 1282 1329 lustremur
1308 1300 1437 1332 lumine.

146 1381 190 1412 43
203 1390 232 1415 a.
264 1381 311 1413 ΤΘ
336 1391 526 1426 precamur,
558 1389 593 1417 ut
619 1387 782 1419 lucernam
843 1391 887 1423 43
900 1390 930 1425 b.
962 1391 1039 1431 Nos,
1067 1394 1120 1432 qui
1142 1403 1250 1426 sumus
1267 1396 1298 1426 in
1318 1397 1476 1440 tenebris,

266 1429 432 1463 Illumines
458 1434 686 1474 sempiternam
962 1440 998 1472 In
1026 1440 1170 1473 obscuris
1197 1448 1227 1474 et
1254 1443 1425 1483 profundis

312 1479 409 1512 Lucis
436 1486 510 1513 tuae
537 1483 648 1525 radi03
1012 1488 1220 1522 perfruamur
1250 1493 1425 1531 praesidio.

141 1576 186 1607 44
199 1583 229 1607 a.
261 1575 808 1619 Caecusmundusquaerenslucem
837 1583 921 1616 44b.
954 1585 995 1616 Et
1032 1585 1170 1617 laetetur
1206 1592 1291 1619 totus
1322 1590 1470 1631 mundus,

257 1623 304 1655 Te
333 1631 487 1665 sequatur
512 1636 622 1660 verum
650 1630 773 1671 ducem,
961 1634 1021 1672 Qui
1052 1635 1174 1665 tamdiu
1201 1635 1261 1667 fuit
1288 1637 1470 1671 immundus

259 1672 376 1705 Cordis
402 1675 505 1706 nostri
530 1680 565 1707 tu
591 1677 740 1710 tenebras
955 1681 996 1713 Et
1025 1691 1106 1713 nunc
1133 1685 1225 1725 petit,
1253 1684 1308 1716 fiat
1332 1687 1469 1719 mundus

305 1721 412 1754 Hodie
437 1723 602 1765 illumina;
1003 1730 1117 1762 Fultus
1143 1733 1247 1771 gratia
1275 1734 1393 1767 divina.

211 1815 375 1845 Collectan.
404 1828 458 1846 ms·
479 1820 666 1848 Victorinum
696 1832 772 1850 saec.
795 1821 853 1859 [13.
884 1823 940 1861 15.]
972 1824 1014 1852 16.
1049 1827 1119 1854 cml.
1143 1828 1270 1855 Parisin.
1298 1829 1408 1858 14872.
1428 1847 1465 1850 —

132 1854 189 1882 Mit
218 1857 270 1882 der
291 1856 401 1884 Chiffre
431 1858 482 1885 des
503 1860 630 1888 Auctors
660 1861 718 1888 und
739 1862 791 1889 der
810 1863 985 1891 Jahreszahl
1012 1864 1093 1892 1574.
1117 1882 1152 1886 —-
1174 1865 1252 1900 ‘2Sa‚
1281 1868 1298 1896 3
1320 1869 1354 1897 de
1378 1871 1464 1897 follslt·

129 1892 262 1922 fondens.
279 1909 314 1915 —-
337 1894 409 1929 281),
431 1895 449 1924 2
470 1898 548 1925 Iura.
570 1914 608 1918 —
628 1897 675 1933 4⁸2,
696 1900 714 1928 3
736 1901 887 1929 Obvoluti.
904 1918 941 1921 —
962 1904 1003 1930 Zu
1026 1906 1082 1931 Str.
1102 1903 1160 1932 121,
1180 1906 1239 1942 vgl.
1275 1911 1331 1935 Str.
1351 1908 1383 1936 15
1393 1919 1409 1935 a
1434 1912 1463 1937 in

127 1931 179 1960 der
199 1934 494 1972 Nicolaus-Sequenz
515 1938 567 1965 Nr.
589 1936 655 1966 249.

549 2101 618 2132 346.
661 2102 703 2134 De
725 2111 749 2134 s.
771 2103 881 2135 Iacobo
904 2105 1032 2137 Minore.

143 2208 204 2241 la.
236 2207 446 2242 Gratulemur
468 2210 500 2242 in
527 2211 588 2243 hac
615 2211 677 2251 die,
823 2215 883 2248 1b.
920 2216 1111 2249 Gratuletur
1135 2218 1227 2258 plebs
1257 2218 1374 2260 fidelis,

247 2257 334 2296 Quae
361 2262 410 2290 est
437 2258 506 2290 dies
532 2259 686 2300 laetitiae,
940 2265 976 2297 In
1006 2276 1069 2306 qua
1095 2266 1186 2298 nobis
1213 2271 1259 2298 est
1287 2269 1404 2301 natalis

290 2306 368 2338 Dies
402 2307 489 2339 lucet
518 2317 579 2348 pro
603 2309 757 2346 tenebris.
988 2314 1098 2346 Iacobi
1127 2315 1356 2355 praecelebris.

141 2403 205 2436 2a.
236 2404 328 2436 Inter
356 2408 486 2437 sanctos
513 2405 598 2438 hunc
623 2407 733 2449 elegit,
842 2411 904 2444 2b.
937 2411 979 2444 Et
1005 2412 1045 2444 ab
1072 2413 1144 2444 alvo
1170 2418 1300 2446 sanctus
1327 2415 1450 2457 prodit,

241 2451 340 2484 Cuius
366 2454 433 2486 vita
457 2454 505 2486 sic
530 2454 658 2487 refulsit
938 2461 1046 2492 Mater
1079 2460 1174 2493 flores
1209 2466 1255 2494 tot
1283 2464 1449 2503 produxit,

285 2500 436 2534 Sanctior
461 2503 628 2546 apostolis,
985 2509 1082 2542 Cuius
1122 2509 1245 2545 fruetus
1280 2512 1450 2546 mirabilis.

1216 2567 1277 2597 21*
