1655 2713
256 264 315 296 Ga.
333 242 392 297 ‘Ut
417 267 583 304 praetexta
609 267 699 303 togae
726 262 830 305 cessit,

353 312 409 343 Vir
434 311 562 343 effectus
587 319 705 342 morem
732 311 830 351 gessit

401 359 536 391 Militari
563 359 706 398 cingu103

257 455 314 486 7a.
346 453 472 485 Nudum
498 453 585 484 videt
612 457 643 484 et
667 453 823 494 medetur,

349 502 412 534 Sed
438 501 549 532 eodem
575 509 608 531 se
638 499 757 532 fatetur

396 548 542 581 Christus
568 549 631 588 tegi
657 549 768 588 pallio.

253 739 312 773 Sa.
343 739 425 770 Dum
451 739 611 771 Romanus
637 739 804 782 militabat,

345 786 449 818 Unum
476 796 554 818 unus
581 787 777 828 attentabat;

345 834 408 866 Sed
436 843 606 866 conversus
623 839 734 874 pectus
753 835 850 868 dabat

394 881 486 914 Solus
512 883 614 913 virum
641 882 778 914 milibus.

253 974 312 1003 θα.
343 971 456 1002 Mundi
483 980 631 1010 pompam
651 976 851 1013 aspernatur,

347 1018 473 1050 Christo
497 1019 588 1050 miles
615 1024 827 1062 consecratur,

348 1067 480 1098 Praesul
507 1065 610 1097 factus
629 1072 739 1106 pastor
758 1068 852 1099 datur

393 1113 483 1145 Plebi
510 1114 750 1147 Turonensium.

228 1204 311 1235 loa.
343 1203 429 1243 Ergo
454 1204 567 1243 plausu
593 1204 746 1244 singulari

346 1252 425 1283 Tam
442 1252 594 1293 insignes,
614 1256 677 1283 tam
694 1253 850 1292 praeclari

349 1298 467 1330 Sonent
493 1303 583 1330 actus
609 1306 705 1340 terra,
733 1301 811 1332 mari

391 1347 428 1378 In
454 1347 521 1378 eius
547 1348 727 1386 praeconia.

912 1208 955 1240 10
969 1207 999 1240 b.

853 165 921 200 212
970 184 1019 190 —

942 261 1003 297 6b.
1035 262 1205 302 Nunquam
1230 266 1337 294 tamen
1363 265 1413 293 est
1433 260 1549 303 elatus,

1038 309 1093 342 Fit
1118 310 1274 351 minister,
1299 310 1354 350 qui
1371 309 1546 350 praelatus,

1085 358 1278 390 Dominante
1304 356 1433 390 famulo.

941 453 1003 487 7b.
1035 454 1153 486 Munus
1177 454 1311 494 grande,
1337 463 1451 486 munus
1474 462 1546 494 gra-

1259 507 1335 545 tum,

1032 550 1123 590 Quod
1155 549 1312 590 probatur
1343 550 1547 582 commenda-

1257 602 1324 630 tum

1085 646 1188 678 Tanto
1213 646 1406 678 testimonio.

936 740 998 774 8b.
1033 741 1154 772 Ducem
1181 741 1304 780 sprevit
1329 742 1497 784 Iulianum,

1029 789 1157 828 Sprevit
1167 789 1284 821 Martis
1301 789 1351 820 ius
1361 788 1544 831 profanum,

1028 836 1069 869 Se
1095 835 1258 876 professus
1285 837 1493 869 christianum

1078 885 1252 916 Immunem
1278 895 1296 917 a
1323 885 1487 918 caedibus.

937 974 999 1008 9b.
1032 975 1102 1006 Hoc
1133 979 1262 1014 pastore
1286 975 1373 1008 fraus
1400 977 1541 1020 expavit,

1032 1022 1130 1054 Livor
1156 1024 1261 1065 cessit,
1289 1024 1329 1055 lis
1356 1025 1505 1067 cessavit,

1034 1070 1130 1102 Cuius
1158 1069 1249 1103 favor
1275 1072 1440 1111 soporavit

1081 1118 1283 1150 Condatense
1308 1120 1457 1160 iurgium.

1033 1208 1091 1239 Pie
1116 1213 1237 1250 pastor,
1263 1214 1357 1249 pater
1383 1211 1475 1253 bone,

1032 1256 1220 1289 Constitutis
1245 1257 1277 1288 in
1305 1267 1408 1298 agone

1032 1303 1125 1343 Spem
1152 1305 1279 1336 virtutis
1308 1312 1339 1336 et
1364 1315 1501 1338 coronae

1077 1351 1145 1383 Tua
1171 1352 1247 1384 dent
1274 1353 1435 1395 suffragia.

635 1438 689 1470 11.
718 1439 760 1471 Ut
786 1448 924 1479 superna
952 1440 1073 1473 visione

766 1485 983 1530 perfruamur,
1013 1490 1166 1522 Alleluia.

301 1573 420 1600 Collect.
442 1583 494 1602 ms.
516 1575 724 1603 Gemblacense
745 1585 819 1604 saec.
843 1576 885 1604 12²..
912 1579 981 1606 Cod.
1004 1580 1171 1607 Bruxelleu.
1193 1580 1354 1610 5527—34.
1376 1598 1412 1603 —-
1435 1582 1496 1617 21),
1522 1583 1540 1611 2

223 1610 310 1637 dedit.
331 1626 367 1629 —
393 1611 470 1645 lob,
500 1611 517 1639 2
546 1613 736 1641 Constitutus.
757 1630 793 1633 —
816 1616 873 1642 Cfr.
903 1617 996 1644 Catal.
1025 1619 1113 1646 Codd.
1145 1621 1346 1656 Hagiograph.
1368 1622 1536 1650 Bruxellen-

224 1649 245 1679 1,
267 1647 321 1675 547
343 1659 385 1684 sq.

665 1754 730 1785 235.
773 1754 815 1786 De
837 1758 945 1788 sancto
967 1757 1111 1789 martino.

249 1840 308 1874 la.
339 1841 434 1872 Pater
460 1846 575 1882 noster,
604 1847 714 1882 pastor
735 1844 844 1888 bonus,

339 1887 458 1920 Forma
483 1890 586 1929 gregis
613 1894 644 1922 et
668 1896 832 1936 patronus,

343 1935 424 1967 Suae
449 1937 544 1968 sortis
567 1939 689 1977 sprevit
714 1949 792 1972 onus

388 1984 503 2016 Adhuc
531 1986 785 2028 catechuminus;

247 2074 308 2107 2a.
340 2075 540 2107 Adulescens
566 2078 744 2110 sanctitatis

340 2123 488 2154 Arrianis
514 2123 686 2157 confutatis

345 2170 459 2202 Fidem
485 2172 598 2204 scribit
622 2174 775 2206 trinitatis

387 2218 504 2251 Schola
528 2220 586 2252 sub
611 2221 740 2256 Hilarii.

247 2309 309 2341 32.
342 2309 480 2350 Leptam
507 2315 597 2344 curat
623 2311 806 2356 fugientem,

345 2358 514 2391 Osculatur
539 2361 755 2404 accedentem,

343 2405 480 2439 Globum
500 2408 584 2450 ignis
601 2408 665 2442 fert
681 2411 847 2444 ardentem

931 1847 993 1881 lb.
1025 1848 1170 1881 Christus
1196 1851 1300 1882 nudus
1327 1853 1491 1895 operitur3

1026 1896 1051 1928 O
1077 1906 1170 1936 quarn
1200 1898 1283 1930 laete
1302 1909 1362 1931 vox
1388 1902 1536 1936 auditur:

1023 1944 1113 1976 Haec
1131 1950 1179 1976 est
1196 1948 1306 1986 vestis,
1325 1958 1387 1988 qua
1401 1951 1538 1983 vestitur

1070 1994 1270 2035 Angelorum
1297 1996 1456 2032 dominus.

932 2082 995 2116 2b.
1026 2083 1147 2116 Multos
1173 2090 1265 2118 sanat
1289 2091 1321 2118 et
1345 2088 1501 2133 insanum,

1026 2132 1063 2163 In
1097 2141 1133 2163 os
1158 2133 1251 2166 cuius
1277 2135 1375 2168 mittit
1401 2147 1540 2180 manum,

1026 2178 1069 2211 Et
1095 2180 1189 2212 eiecit
1214 2183 1261 2214 sic
1286 2183 1460 2224 profanum

1078 2227 1140 2260 Per
1167 2238 1202 2261 os
1227 2231 1376 2265 aurificii.

933 2317 982 2350 3b
985 2344 1453 2360 .........

1026 2367 1106 2400 Avis
1132 2378 1234 2409 rapax
1260 2371 1438 2415 advolavit,

1022 2415 1116 2448 Diem
1142 2418 1255 2450 mortis
1285 2422 1493 2462 prophetavit

1074 2464 1197 2505 Spiritu
1222 2469 1358 2505 consilii.
