1655 2713
214 315 274 346 la.

210 479 269 510 2a.

214 640 273 670 33.

215 801 279 832 42.

216 1012 275 1042 52.

218 1270 276 1299 b'a.

219 1482 275 1512 7a.

218 1649 274 1680 Sa.

219 1815 278 1846 9a.

196 1982 277 2014 10a.

195 2144 275 2177 11a.

728 159 966 195 -63—

628 255 673 285 66.
715 254 757 284 De
778 254 890 284 sancta
910 252 1066 284 Barbara.

310 315 379 346 Hac
405 315 438 346 in
467 315 518 346 die
544 315 740 356 gratulemur

307 363 348 394 Et
375 363 528 394 immensa
554 372 741 394 veneremur

354 411 528 442 Barbaram
556 420 624 441 cum
650 411 762 453 gloria,

307 477 418 508 Vultus
445 477 600 516 splendor
621 477 810 519 admiratur,

307 525 400 557 Unde
427 526 514 564 virgo
540 525 720 564 postulatur

353 573 465 604 Multis
491 573 521 603 in
550 573 748 613 coniugium,

310 638 499 678 Peregrinos
528 648 654 670 sumens
681 639 797 681 vultus,

305 686 356 717 Ad
384 686 535 725 profanos
561 687 695 718 tendens
714 688 817 718 cultus

355 734 450 766 Pater
478 735 581 774 vergit
606 743 751 775 propere,

315 801 356 832 Et
384 801 541 832 cancellos
568 801 647 832 vidit
674 801 775 843 binos,

310 848 372 879 Sed
396 849 597 889 perpendens
616 848 685 880 fore
703 851 817 887 trinos,

356 896 492 927 Ternum
519 896 605 927 iubet
633 896 768 937 cudere;

313 1010 376 1041 Sed
404 1010 476 1041 dum
496 1015 588 1049 pater
606 1015 652 1041 cst
672 1019 819 1042 reversus

358 1057 472 1088 Bibliis
499 1059 705 1096 comminitat,

315 1106 403 1136 Intus
429 1106 477 1136 ira
503 1105 538 1136 fit
565 1115 764 1145 conspersus.

362 1153 495 1184 Causam
522 1153 617 1184 trium
644 1154 801 1193 quaeritat

315 1267 409 1298 Pater
435 1267 560 1308 stridet,
589 1268 677 1307 virgo
704 1268 789 1299 ridet

359 1315 501 1346 Irrorata
526 1314 674 1355 flamine;

314 1361 535 1393 Furibundum
569 1364 695 1402 quando
722 1363 820 1401 videt,

362 1409 473 1440 Turris
498 1410 537 1441 de
563 1411 725 1442 cacumine

314 1480 485 1513 Cerberum
509 1481 583 1512 hinc
601 1479 679 1521 fugit
699 1491 818 1520 parva,

311 1529 522 1560 Aemulantur
551 1529 633 1560 hanc
659 1538 718 1569 per
743 1538 820 1560 arva

358 1576 549 1607 Fascinante
575 1577 705 1615 zabulo3

313 1648 477 1679 Beniamin
490 1648 571 1679 hanc
580 1648 832 1687 comprehendit,

310 1695 479 1727 Trucidari
505 1695 595 1727 flocci
623 1696 744 1735 pendit,

360 1743 456 1783 Virgo
482 1748 570 1775 stans
596 1743 784 1783 immobilis;

313 1813 397 1844 Hinc
419 1814 556 1852 puellam
582 1814 729 1853 lacerari,

312 1861 422 1893 Cilicio
449 1861 629 1899 confricari,

359 1909 395 1940 In
419 1909 568 1940 mamillis
594 1909 723 1941 laedere

314 1981 410 2012 Pater
435 1985 527 2020 spata
551 1986 644 2013 necat
669 1986 787 2022 natam,

314 2028 441 2060 Christo
465 2029 511 2060 sic
536 2030 778 2070 oppignoratam

360 2077 398 2108 In
424 2078 557 2116 perenni
583 2079 680 2110 curia.

311 2143 448 2185 Adonai,
476 2153 531 2176 rex
557 2150 703 2185 aeterne;

361 2192 484 2224 Plastes
510 2201 614 2224 rerum
640 2194 789 2234 omnium,

897 477 960 510 2b.

905 639 967 673 3b.

900 802 962 836 4b.

905 1011 966 1045 5b.

905 1268 966 1300 fib.

906 1482 966 1516 7b.

913 1649 974 1682 8b.

901 1815 965 1848 9b.

903 314 920 346 1
935 314 966 347 b.
1002 314 1070 353 Qua
1096 314 1284 346 conscendit
1302 315 1409 346 caelos
1426 315 1513 346 laeta

996 362 1176 402 Martyrum
1203 362 1265 394 iam
1292 361 1372 394 flore
1398 361 1483 394 freta

1044 409 1179 442 Sublimi
1207 410 1354 443 victoria.

995 477 1060 510 Sed
1074 478 1214 509 renitens
1233 477 1294 510 hoc
1313 481 1508 520 constanter,

993 526 1157 559 Christum
1171 526 1297 566 quaerit
1307 526 1508 558 incessanter

1044 574 1111 606 Sibi
1137 574 1169 605 in
1197 572 1366 614 refugium.

1002 641 1064 672 Ast
1089 641 1239 672 tenellam
1267 642 1469 680 praeservari

997 688 1039 720 Et
1066 688 1097 719 in
1123 689 1205 720 turri
1232 689 1384 721 collocari

1044 737 1187 776 Imperat
1214 746 1425 777 summopere.

1000 803 1091 834 Iussa
1127 804 1287 844 complent
1323 804 1397 835 hinc
1427 807 1511 835 stru-

1337 856 1454 890 omres,

995 897 1086 937 Typo
1120 898 1224 929 crucis
1257 899 1386 939 signans
1427 898 1511 931 fores

1042 945 1170 978 Christo
1197 948 1302 987 caepit
1334 948 1458 979 ludere.

1003 1011 1234 1054 Cancellorum,
1254 1023 1347 1054 quam
1367 1014 1509 1045 ostendit

1048 1060 1156 1100 Virgo,
1185 1061 1231 1092 sic
1256 1061 1329 1092 dum
1358 1062 1508 1103 explicat,

997 1107 1128 1138 Trinum
1165 1108 1266 1139 Deum
1302 1110 1381 1140 haec
1416 1119 1510 1149 prae-

1335 1158 1450 1198 tendit,

1048 1202 1178 1234 Cunctis
1205 1204 1255 1242 qui
1282 1204 1457 1246 imperitat.

1003 1268 1056 1300 Sic
1081 1270 1113 1300 in
1139 1273 1257 1301 terram
1285 1280 1318 1302 se
1343 1272 1491 1304 submisit

1048 1317 1151 1348 Naeto
1177 1318 1238 1349 iam
1267 1320 1440 1360 cacumine,

999 1364 1087 1402 Quod
1113 1374 1171 1396 nec
1189 1366 1277 1397 illam
1296 1367 1373 1407 qnid
1393 1368 1511 1399 collisit

1048 1411 1175 1444 Christo
1203 1413 1283 1445 duce
1309 1415 1437 1448 lumine.

1003 1483 1113 1514 Prodit
1150 1484 1237 1516 illam
1275 1490 1380 1517 custos
1405 1487 1511 1527 gregis

1001 1531 1207 1563 Sectatricem
1235 1542 1336 1565 novae
1363 1534 1441 1575 legis

1046 1578 1240 1611 Delitentem
1268 1581 1394 1615 zabulo.

1010 1650 1176 1683 Marciano
1202 1658 1438 1694 praesentatur,

997 1697 1069 1729 Diis
1096 1699 1198 1730 libare
1225 1701 1298 1732 dum
1326 1702 1475 1740 minatur,

1044 1746 1242 1779 Exsecratur
1267 1749 1394 1783 nobilis.

1002 1818 1050 1847 Ac
1075 1817 1279 1857 lampadibus
1302 1821 1412 1859 peruri

995 1863 1059 1896 Dat
1085 1868 1239 1905 tyrannus
1266 1868 1372 1899 cordis
1400 1869 1472 1901 duri

1048 1912 1089 1943 Et
1113 1912 1248 1953 flagellis
1275 1917 1422 1950 caedere.

881 1984 924 2016 10
936 1983 966 2016 b.
1001 1985 1088 2024 Quae
1113 1989 1145 2016 et
1170 1986 1261 2018 nobis
1285 1987 1368 2019 hunc
1387 1995 1507 2032 exoret,

1001 2033 1140 2072 Serpens
1158 2035 1271 2073 pernix
1290 2045 1329 2067 ue
1347 2046 1405 2068 nos
1421 2043 1512 2070 voret

1052 2081 1089 2112 In
1115 2082 1278 2121 gehennae
1304 2082 1398 2116 furia.

881 2147 922 2180 11
934 2147 965 2181 b.
1001 2147 1049 2179 Tu
1076 2149 1208 2189 dignare
1234 2151 1326 2182 nobis
1353 2152 1432 2184 dare

1046 2196 1209 2230 Barbarae
1235 2201 1440 2233 consortium.

269 2268 352 2294 Misn-
374 2276 427 2294 mS.
448 2268 634 2295 Franciscan.
649 2269 870 2297 Monacensium
892 2279 967 2298 saec.
991 2269 1034 2298 15.
1050 2271 1123 2299 Clm.
1138 2273 1291 2302 Monaeeu.
1317 2274 1402 2304 8707.
1419 2277 1452 2304 A.
1476 2292 1511 2296 —

194 2305 277 2333 Cant.
301 2314 352 2332 ms
374 2306 403 2333 S.
424 2307 525 2334 Iacobi
546 2307 711 2343 Augustani
733 2309 803 2335 anni
826 2307 908 2336 1481.
929 2309 1002 2338 Clm.
1017 2310 1171 2338 Monaeen.
1193 2310 1277 2341 6913.
1292 2315 1326 2342 Β.
1349 2329 1386 2332 -
1410 2314 1461 2349 lb,
1483 2315 1510 2345 2.

194 2345 228 2371 ln
250 2348 409 2379 martyrum
424 2345 456 2371 B.
477 2359 514 2363 —
535 2343 588 2378 2³,
612 2345 624 2372 1
647 2346 830 2374 admirantur
843 2347 877 2374 B.
899 2364 935 2368 —
956 2345 1010 2381 21),
1033 2347 1046 2375 1
1064 2350 1192 2378 retinens
1208 2350 1290 2380 haec.
1305 2354 1339 2380 A.
1361 2368 1398 2372 —
1419 2353 1470 2388 4⁸,
1493 2354 1511 2382 2

194 2383 354 2419 perpendes
376 2384 408 2410 B.
429 2399 465 2403 -
487 2383 545 2416 5a,
573 2382 590 2411 2
611 2387 809 2412 communicat
828 2387 862 2412 A.
886 2401 923 2404 —
944 2385 1003 2419 5a,
1025 2386 1043 2414 3
1064 2388 1157 2416 Incris
1178 2390 1224 2417 ira
1244 2392 1284 2418 sit
1304 2393 1338 2419 A.
1360 2409 1396 2413 —
1419 2393 1471 2426 fib,
1496 2393 1510 2422 1

194 2422 251 2448 I-lic
272 2422 305 2448 Β.
327 2435 362 2440 -
384 2420 436 2455 7a,
460 2421 473 2449 1
495 2423 657 2450 Verberum
677 2424 711 2451 B.
735 2440 771 2443 —
793 2421 845 2457 Sa,
870 2423 883 2452 1
905 2425 981 2453 Veni
1002 2427 1107 2454 amiA.
1130 2441 1166 2446 —
1190 2426 1264 2464 loa,
1296 2429 1309 2458 1
1332 2435 1448 2467 spatam
1470 2434 1507 2467 A;

193 2461 270 2488 lecat
291 2461 350 2487 AB.
372 2474 407 2478 -—
432 2459 498 2494 10³,
520 2459 538 2488 2
559 2461 631 2489 fehlt
651 2462 684 2488 A.
