1655 2713
713 156 762 162 —
810 137 878 173 341

204 234 267 268 5a,
299 232 417 265 Finitis
443 242 555 265 novem
580 234 743 266 mensibus

299 281 387 314 Urbs
413 281 541 322 capitur
567 291 636 314 cum
665 282 799 324 civibus,

348 330 378 361 A
405 329 521 362 Gothis
546 331 741 364 devastatur.

202 422 263 454 68.
295 420 823 463 LugbrandusLonguoberdorum

300 469 348 502 Ob
374 470 527 509 impetum
553 470 765 503 barbarorum

346 517 439 550 lubet
466 528 483 550 a
508 518 658 551 Sardinia

207 610 265 642 72.
295 609 467 642 Laetitiam
495 619 551 641 rex
577 610 764 642 immensam

298 657 423 694 Habet,
457 667 525 689 cum
553 659 594 690 ad
623 659 813 691 Ianuensem

346 706 515 738 Civitatem
543 711 710 739 venerunt.

200 797 260 830 Sa.
292 798 407 830 Votum
436 799 521 830 vovit
549 808 605 831 rex
632 798 756 831 fidelis:

295 847 359 878 Per
368 847 461 887 hunc,
473 847 526 887 qui
538 854 651 888 regnat
661 848 693 880 in
703 849 811 887 caelis,

342 894 376 927 Si
403 895 476 927 duci
504 897 700 936 permiseris,

198 987 259 1019 9a.
291 986 334 1018 Et
360 987 534 1018 adventum
561 988 729 1020 audientes

296 1035 472 1075 Papienses
499 1036 663 1067 venientes

342 1083 485 1116 Maximo
513 1093 582 1115 cum
606 1084 723 1124 gaudio

175 1170 219 1202 10
231 1177 261 1203 a.
297 1169 416 1210 Magne
443 1174 537 1210 pater
562 1171 752 1213 Augusfine,

294 1217 491 1258 Praeceptor
516 1219 596 1259 legis
624 1219 762 1258 divinae,

337 1266 475 1298 Amator
500 1269 713 1307 paupertatis,

170 1352 211 1385 11
225 1361 254 1384 a.
286 1352 354 1384 Nos
380 1352 557 1385 transferat
581 1354 624 1385 ad
651 1363 801 1394 superna,

289 1400 352 1433 Ubi
380 1410 457 1432 vera
483 1406 530 1432 est
557 1402 688 1434 lucerna

334 1449 377 1481 Et
403 1459 526 1481 summa
552 1450 686 1484 laetitia.

872 1172 958 1205 10b.

903 236 967 271 5b.
999 237 1150 270 Sanctum
1178 248 1294 279 corpus
1321 242 1490 281 sepelitur,

998 287 1034 318 In
1063 288 1199 319 ecclesia
1224 289 1364 328 ponitur,

1047 337 1074 367 A
1102 336 1205 367 turbis
1231 336 1417 370 honoratur.

901 427 920 458 6
933 424 963 458 b.
996 427 1099 458 Huius
1117 428 1318 468 corpushinc
1328 427 1512 467 transferri,

997 476 1073 506 Alio
1099 476 1169 507 loco
1195 476 1366 508 transferri

1048 524 1166 563 Magna
1195 525 1387 557 reverentia.

903 613 964 646 7b.
997 615 1151 646 Adcurrit
1181 620 1247 647 tota
1276 617 1398 650 civitas,

996 662 1049 693 Fit
1077 664 1203 702 populis
1231 664 1387 696 hilaritas.

1044 711 1171 742 Turbae
1198 711 1420 744 obviaverunt.

901 802 962 836 Sb.
996 802 1089 834 Dabo
1116 804 1226 834 urbem
1253 804 1465 845 Tiviiienseni,

994 853 1079 882 Ante
1105 861 1240 884 annum.
1269 857 1342 883 ante
1370 862 1507 884 mensem

1044 899 1093 931 Ibi
1120 900 1339 932 honoraberis.

898 989 960 1022 ab.
993 990 1117 1030 Corpus
1151 996 1292 1022 sanctuni
1321 991 1509 1023 osculantur

995 1038 1036 1069 Et
1062 1039 1162 1069 oculis
1189 1040 1447 1079 contemplantur

1034 1087 1154 1126 Magno
1182 1097 1251 1117 cum
1279 1088 1432 1128 tripudio.

991 1172 1096 1204 Effice
1124 1173 1185 1204 tuis
1213 1174 1335 1204 meritis

991 1221 1125 1252 Laxatis
1151 1222 1269 1253 nostris
1297 1222 1413 1253 debitis

1041 1270 1193 1301 Vivamus
1221 1279 1289 1301 cum
1318 1270 1431 1303 beatis.

866 1356 907 1388 11
922 1354 954 1387 b.
986 1355 1035 1387 Ex
1055 1355 1114 1387 hoc
1132 1357 1251 1387 mundo
1267 1356 1502 1388 transferamur

984 1405 1027 1435 Et
1055 1404 1096 1435 ad
1124 1405 1244 1435 caelum
1272 1405 1499 1444 perducamur,

1034 1452 1098 1486 Ubi
1126 1462 1189 1492 pax
1216 1457 1245 1483 et
1273 1453 1385 1492 gloria.

242 1537 379 1571 Sequent.
402 1544 455 1562 ως.
478 1536 704 1564 Ravennatense
726 1539 796 1564 anni
820 1536 981 1566 1535—57.
997 1538 1069 1565 Cod.
1089 1538 1220 1565 Classen.
1243 1536 1299 1565 360
1320 1538 1395 1566 1139.
1419 1539 1445 1565 5.
1461 1540 1502 1572 S).

578 1707 647 1739 354.
689 1708 730 1739 De
752 1710 865 1739 saneta
887 1708 1085 1748 Cunegunde.

185 1807 201 1840 1
217 1816 246 1839 a.
278 1807 339 1840 Est
365 1808 434 1840 dies
460 1808 523 1840 ista
549 1808 698 1849 celebris,

280 1856 317 1888 In
345 1866 407 1897 qua
433 1865 529 1889 sexus
555 1857 722 1889 muliebris

328 1905 404 1946 Egit
430 1905 603 1938 mirabilia.

182 1993 244 2025 2a.
278 1992 388 2033 Nupta
411 1993 502 2035 virgo
528 1993 734 2035 Cunegundis

278 2040 457 2074 Infecunda
483 2050 552 2074 cum
583 2041 730 2075 fecundis

325 2089 457 2132 Refugit
485 2091 658 2123 consortia.

176 2177 238 2210 32..
270 2175 389 2210 Libere
414 2187 551 2210 massam
580 2178 778 2219 conscendit,

276 2225 454 2259 Veritatem
480 2226 699 2268 apprehendit

325 2274 400 2307 Visa
425 2275 620 2310 innocentia.

177 2361 240 2395 42.
270 2362 451 2404 Amplexus
477 2363 557 2396 vitat
585 2363 706 2406 viriles,

275 2410 466 2446 Inhonestos
490 2415 582 2445 actus
609 2412 699 2452 viles,

321 2460 429 2502 Opera
455 2461 642 2503 voluptatis,

883 1809 945 1844 1b.
979 1810 1087 1842 Virtus
1114 1820 1174 1842 non
1203 1815 1251 1842 est
1276 1809 1442 1852 feminina,

978 1859 1047 1898 Qua
1073 1859 1285 1899 triumphavit
1313 1860 1423 1899 regina

1025 1907 1074 1939 De
1101 1908 1178 1939 viris
1206 1908 1352 1940 victoria.

882 1994 944 2028 2b.
975 1995 1052 2028 Plus
1078 1995 1236 2035 probatur
1264 1996 1444 2038 virginitas,

976 2045 1076 2084 Quam
1104 2044 1239 2083 probata
1267 2043 1449 2077 fecunditas

1026 2093 1116 2125 Inter
1138 2094 1351 2125 matrimonia.

877 2179 938 2214 3b.
970 2180 1077 2212 Maria
1105 2181 1193 2220 virgo
1218 2180 1364 2219 salvavit,

972 2230 1001 2261 A
1029 2229 1212 2269 suspicione
1239 2229 1399 2269 purgavi-t,

1020 2277 1072 2309 Ab
1099 2278 1184 2308 omni
1210 2276 1354 2310 infamia.

877 2364 941 2399 4b.
974 2364 1069 2405 Fugit
1096 2364 1242 2405 copulam
1271 2366 1432 2398 carnalem

975 2414 1012 2446 In
1039 2414 1159 2445 sociam
1186 2414 1365 2446 maritalem

1022 2462 1158 2494 Vinculo
1184 2463 1354 2497 castitatis
