1655 2713
663 182 926 217 —145—

548 273 611 304 154.
651 274 686 306 ln
709 275 811 307 sancti
834 275 1046 307 Hel-melandi.

149 366 209 398 la.
242 366 350 407 Lyrae
377 371 486 402 cordis

244 415 427 449 concordet
456 424 630 454 concentus
655 423 732 463 oris,

286 464 438 508 Alleluia,

146 551 206 582 2a.
238 550 362 591 Magno
388 557 483 586 natus
510 564 628 595 genere

241 598 349 631 Maior
374 602 478 642 surgit
503 612 612 644 opere,

291 648 346 680 Sol
375 649 416 681 de
442 651 555 690 stella;

144 734 204 766 3a.
236 734 353 767 Pastor
380 734 485 768 factus
511 738 616 770 ovium

238 781 355 814 Curam
383 789 475 816 curat
499 786 638 818 omnium

287 831 364 863 Pari
390 832 515 876 forma3

142 917 202 949 4a.
233 917 348 950 Multis
375 919 473 959 signis
499 921 663 960 proditum

234 965 295 997 Est
320 966 423 1006 ipsius
450 969 597 1000 meritum

283 1014 376 1046 Valle
401 1020 531 1058 nostra,

137 1102 196 1132 5a.
229 1099 340 1133 Sermo
366 1102 462 1134 mutis
488 1103 632 1143 additur,

231 1149 370 1182 Gressus
397 1151 521 1183 claudis
548 1152 707 1195 redditur,

233 1197 345 1238 Neque
371 1199 496 1240 lampas
523 1200 640 1232 sinitur

278 1245 360 1278 Esse
387 1256 501 1290 caeca3

135 1333 195 1365 Ga.
226 1333 348 1365 Tacere
372 1335 496 1367 scelera

230 1381 382 1422 Nequivit
411 1382 508 1415 effera

280 1431 415 1463 Furtum
443 1430 565 1464 faciens

329 1488 406 1519 gens
433 1480 560 1515 misera.

846 377 861 408 1
876 376 907 409 b.
938 377 1147 409 Hermelandi

937 425 1004 464 Quo
1032 425 1132 464 possit
1160 426 1280 459 honore
1307 429 1406 468 pandi

990 472 1054 504 Res
1080 473 1237 507 miranda.

844 557 906 592 2b.
940 558 1076 600 Sanctis,
1104 570 1183 600 quos
1209 563 1358 602 associat,

939 606 983 640 Ut
1010 608 1104 639 stella
1128 611 1316 648 praeradiat

988 655 1122 696 Semper
1148 658 1246 690 clara.

839 740 902 773 3b.
937 742 1019 774 Caro
1046 748 1135 775 caret
1162 745 1324 784 sordibus⁷

936 790 1003 821 Nec
1030 800 1120 823 mens
1147 793 1258 825 mundi
1286 793 1422 825 fastibus

983 839 1035 870 Fit
1063 845 1227 880 corrupta.

834 923 895 957 4b.
930 925 1052 957 Mundo
1079 927 1217 958 mundus
1244 928 1340 966 aruit,

930 973 985 1005 Uti
1013 974 1108 1014 digne
1135 975 1259 1006 studuit

979 1021 1084 1054 Carne
1111 1028 1249 1063 sumpta.

832 1107 894 1140 5b.
922 1108 1021 1139 Aucti
1049 1109 1113 1140 vini
1142 1110 1278 1149 copiam,

927 1156 1018 1188 Sacri
1046 1157 1107 1188 loci
1134 1158 1267 1197 gloriam

929 1204 997 1237 Sibi
1024 1205 1160 1246 iungunt
1186 1208 1281 1238 etiam

975 1253 1066 1285 Haec
1091 1255 1270 1294 praedicta.

833 1339 894 1374 6b.
925 1340 985 1378 Qui
1011 1345 1057 1372 tot
1086 1341 1143 1373 das
1171 1351 1313 1381 munera,

929 1389 999 1419 Duc
1025 1398 1082 1420 nos
1108 1390 1148 1421 ad
1177 1399 1305 1430 supera,

975 1437 1073 1475 Quem
1101 1439 1209 1477 genuit

1024 1494 1193 1525 puerpera.

184 1564 270 1591 Brev.
302 1565 458 1593 Lochense
490 1567 559 1602 imp.
591 1567 760 1595 Turonibus
798 1567 880 1596 1536.
913 1585 948 1589 —
983 1571 1057 1596 Dort
1092 1572 1121 1597 iu
1153 1571 1204 1597 der
1235 1573 1357 1599 Messe
1391 1572 1441 1599 des

105 1601 257 1638 Heiligen.
278 1618 316 1622 —
338 1604 467 1632 Melodie
488 1605 621 1632 offenbar
643 1607 959 1640 „Laetabundiis.“

474 1751 534 1783 155.
576 1751 618 1783 De
639 1760 680 1783 ss.
702 1753 912 1785 flermelando
935 1758 965 1786 et
987 1755 1093 1787 Baldo.

131 1846 190 1879 la.
217 1846 301 1889 Tibi,
330 1847 471 1889 Christe,

223 1894 344 1927 Laetus
379 1897 499 1936 psallat
534 1897 650 1929 chorus
676 1898 738 1930 iste

270 1944 424 1987 Alleluia,

123 2031 186 2064 2a.
217 2031 279 2064 His
304 2033 459 2065 virtutum
486 2034 581 2067 radio

218 2081 334 2114 Prodit
358 2083 414 2115 lux
441 2091 461 2115 a
485 2083 605 2122 modio,

267 2129 322 2162 Sol
350 2131 391 2163 de
416 2131 531 2173 stella3

121 2218 182 2250 32.
212 2217 258 2250 Ut
283 2222 401 2250 vacant
426 2227 446 2250 a
472 2218 634 2259 sordibus,

216 2266 270 2299 Sic
295 2270 434 2299 vernant
460 2266 635 2298 virtutibus

265 2315 341 2348 Pari
368 2313 485 2356 forma,

119 2405 181 2438 4a.
213 2403 310 2443 Actu,
340 2407 447 2435 mente
471 2403 599 2448 pariter

216 2451 278 2485 Usi
301 2455 377 2484 sunt
401 2451 578 2484 salubriter

263 2500 370 2534 Carne
395 2503 534 2542 sumpta.

148 2558 286 2587 Blume,
304 2558 475 2588 Sequentiae
493 2559 640 2584 laoditiae.
675 2559 722 2583 tx.

825 1851 841 1883 1
857 1850 886 1883 b.
919 1851 963 1884 Ut
990 1855 1173 1884 sanctorum

919 1900 1024 1932 Pandi
1057 1901 1159 1940 possit
1194 1901 1264 1933 laus
1291 1902 1436 1942 istorum,

967 1948 1032 1981 Res
1058 1950 1216 1982 miranda.

820 2036 883 2070 2b.
915 2037 1031 2070 Casum
1060 2038 1163 2070 vitant
1188 2039 1357 2077 scelerum,

916 2086 1004 2118 Luce
1032 2087 1149 2118 micant
1177 2095 1311 2126 operum

965 2136 1101 2175 Semper
1127 2135 1224 2168 clara.

820 2219 884 2253 3b.
914 2221 1056 2260 Quorum
1091 2230 1179 2253 mens
1214 2231 1274 2253 nec
1308 2222 1433 2262 asperis

916 2269 1032 2301 Mundi
1059 2278 1161 2310 neque
1188 2270 1353 2310 prosperis

964 2317 1020 2349 Fit
1045 2322 1208 2358 corrupta.

819 2404 882 2438 4b.
912 2406 1000 2446 Quae
1026 2405 1089 2437 sint
1116 2405 1228 2437 horum
1256 2405 1381 2448 merita,

915 2453 1016 2494 Signa
1041 2456 1222 2486 monstrant
1246 2453 1357 2486 inclita

963 2502 1058 2535 Valle
1083 2506 1205 2534 nostra.

1217 2558 1252 2587 10
