1655 2713
127 241 157 273 -4
169 248 201 274 a.

127 482 154 513 .5
164 489 197 515 a.

128 675 157 707 ·6
167 684 198 708 a.

131 963 197 996 Va.

129 1205 157 1238 ⁴8
167 1213 196 1236 a.

664 144 900 183 -47-

238 239 373 282 Plangit
398 241 500 274 hostis

234 295 348 320 noster
371 291 534 334 antiquus,
562 290 665 323 ululat

235 336 380 376 pallidus

234 384 376 417 reddens
400 386 536 418 animas.

238 480 354 512 Psallit
379 481 412 512 in
439 481 500 513 hac
527 481 580 513 die

233 529 373 561 ecclesia
395 529 552 561 Antonini

235 577 410 621 miracula,

234 674 356 706 Militia

233 722 409 763 laudanda,

235 771 393 803 divinitus
418 774 595 811 assumpta,

233 818 434 850 immutando
458 827 558 858 opera

234 870 338 898 mutat
364 866 489 898 merita.

233 962 440 1002 Armigerum
467 961 551 992 enim

233 1020 324 1042 suum
352 1009 440 1042 Deus
466 1008 547 1041 facit

233 1059 432 1091 Antoninum
445 1069 452 1097 3

236 1107 358 1140 Christi
382 1105 447 1138 fert
473 1105 602 1146 vexilla,

232 1202 418 1244 Agauensia

234 1251 391 1292 martyria

235 1305 347 1332 nostra
372 1299 438 1331 sint
463 1298 659 1339 precamina,

837 241 901 276 4b.

839 481 905 516 5b.

839 673 902 708 6b.

839 960 899 993 7b.

838 1200 899 1234 8b.

937 239 1061 273 Fundit
1086 246 1199 279 preces

933 288 1130 324 Antoninus,
1157 286 1335 318 conteritur

934 341 966 369 et
992 336 1133 377 laqueus,

937 388 1079 417 tremunt
1104 386 1239 415 tartara.

937 481 1133 521 Angelorum
1160 477 1256 511 turba

936 530 1077 561 maxima
1103 527 1273 568 praedicat
1298 525 1391 557 huius

935 577 1122 609 certamina.

940 672 1139 706 Commercia

933 721 1073 752 bumana

935 767 1117 800 formantur
1142 767 1174 798 in
1203 766 1324 804 divina,

935 815 1127 856 deponendo
1153 815 1232 846 talia

935 863 1045 895 muudi
1073 863 1207 902 spicula.

937 961 973 992 In
997 958 1112 998 quibus
1139 956 1256 989 fiderat

933 1007 1054 1039 invicta
1079 1006 1220 1046 phalanx
1247 1009 1278 1036 et

933 1056 1137 1087 sanctissima

933 1113 1061 1136 armans
1089 1111 1184 1134 cruce
1211 1102 1311 1141 signa.

934 1201 1021 1240 Quae
1047 1199 1154 1231 iacula

934 1248 1097 1280 contraria

934 1297 1051 1329 tollant
1077 1300 1109 1327 et
1137 1293 1315 1326 mortifera.

487 1396 520 1428 9.
561 1394 611 1426 Sit
638 1395 698 1426 hoc
724 1394 845 1427 Christi
872 1394 942 1426 laus
968 1398 1120 1433 aeterna;

560 1444 664 1475 Amen
692 1443 802 1474 dicant
827 1443 944 1475 omnia.

191 1539 354 1567 Collectan,
384 1547 438 1566 ms.
467 1538 677 1566 Placentinum
705 1545 781 1565 saec.
804 1535 879 1564 ¹²l13.
904 1536 974 1564 Cod‚
997 1536 1092 1571 Capit.
1116 1535 1281 1562 Placentia.
1305 1532 1350 1561 65.
1396 1533 1451 1559 Mit

107 1578 259 1607 Melodie:
296 1577 385 1614 „Eia
407 1575 604 1604 turminaf‘
629 1591 663 1594 —
686 1575 839 1604 Abschrift
858 1585 917 1602 von
940 1577 1010 1603 Rev.
1034 1575 1072 1601 H.
1094 1574 1133 1601 M.
1156 1574 1324 1600 Bannister.

139 1784 201 1818 la.

131 1979 199 2012 aa.

135 2173 197 2207 3³.

126 2369 158 2400 -4
168 2376 198 2400 a.

388 1700 436 1731 45.
478 1699 513 1731 In
536 1698 752 1730 Decollatione
774 1707 798 1729 s.
821 1698 973 1729 Antonini
996 1695 1185 1728 Placentini.

239 1783 369 1823 Martyr
395 1782 498 1814 almus
525 1780 720 1820 Antoninus,

237 1831 354 1864 Clarus
380 1831 472 1862 miles
500 1829 718 1872 Placentinus,

282 1880 332 1912 De
359 1880 520 1911 clarorum
547 1886 675 1918 genere,

235 1977 334 2010 Cuius
361 1975 478 2008 festum
505 1984 591 2007 nunc
616 1975 721 2007 acturi

234 2025 428 2058 Studeamus
455 2034 526 2056 esse
553 2024 626 2064 puri

281 2076 332 2108 Ac
358 2074 467 2106 vivere
492 2073 611 2115 sobrie,

233 2172 372 2205 Sanctus
395 2172 456 2203 iste
482 2170 654 2212 gloriosus,

234 2220 406 2253 Exsistens
433 2219 603 2260 religiosus

281 2269 325 2302 Et
351 2269 442 2301 miris
468 2267 644 2300 virtutibus

234 2367 322 2400 Dum
350 2365 411 2398 iret
434 2364 477 2397 ad
495 2362 752 2405 praedicandum

232 2415 277 2450 Et
310 2415 353 2447 ad
384 2414 483 2447 fidem
509 2411 752 2444 convocandum

281 2463 385 2497 Omne
410 2471 511 2504 genus
536 2461 711 2502 bominum,

841 1781 898 1813 lc.

839 1975 901 2008 2b.

839 2168 901 2202 3b.

836 2362 900 2397 4b.

936 1780 1116 1811 veneretur
1142 1782 1174 1809 et
1199 1777 1360 1818 laudetur,

935 1828 1056 1861 Urbem
1083 1828 1176 1859 istam
1205 1826 1258 1866 qui
1285 1831 1394 1857 tuetur

984 1878 1196 1910 Sacrosancto
1223 1882 1364 1906 munere.

938 1974 1077 2014 Dignum
1105 1973 1201 2014 digne
1228 1970 1414 2002 collaudare

935 2023 1108 2063 Ipsumque
1135 2019 1317 2062 glorificare

984 2071 1059 2103 Sine
1086 2071 1201 2101 mentis
1229 2069 1324 2100 carie.

939 2167 1122 2203 Praeditus.
1149 2166 1232 2197 iuste
1259 2164 1400 2206 vivebat,

935 2216 1112 2249 Auditores
1139 2214 1322 2245 instruebat

984 2264 1032 2296 De
1060 2263 1123 2295 fide
1149 2271 1188 2294 ac
1214 2261 1366 2293 moribuS.

938 2361 1021 2393 Prae
1049 2359 1168 2396 calore,
1196 2366 1274 2398 prae
1301 2357 1412 2390 labore

934 2407 1106 2441 Sitibundo
1133 2415 1264 2438 manens
1291 2415 1347 2438 ore

984 2455 1142 2489 Exoravit
1167 2455 1359 2495 Dominum,
