1655 2713
676 149 936 184 —177—

155 237 216 268 4a.
246 236 334 278 Ergo
358 238 472 272 laudes
499 241 700 276 Katharinae

301 287 450 320 concinat
477 289 556 322 haec
580 293 696 332 contio,

858 249 878 280 4
888 247 918 281 b.
955 247 1048 289 Nam,
1063 249 1116 289 qui
1132 249 1229 282 corde
1242 250 1346 291 poscit
1359 251 1462 291 illam,

999 297 1186 337 propulsato
1212 298 1289 330 vitio

595 380 626 411 5.
655 378 774 420 Sospes
800 382 994 422 regreditur.

201 455 284 485 Miss.
308 467 360 485 ms.
383 458 413 486 S.
436 460 566 490 Cornelii
588 463 830 500 Compendiensis
852 475 928 494 saec.
953 467 996 496 14.
1012 468 1082 497 Cod.
1098 471 1224 498 Parisin.
1243 470 1349 499 16823.
1367 474 1399 500 A.
1420 487 1457 492 —-

125 493 208 521 Miss.
232 504 286 522 ms-
307 496 336 524 S.
359 498 492 526 Cornelii
511 501 722 538 Compendien.
744 512 819 532 saec.
845 504 888 532 14.
904 507 974 534 Cod.
990 508 1119 535 Parisin.
1145 507 1178 536 17
1187 508 1250 537 318.
1267 511 1299 537 B.
1317 526 1351 530 —
1368 512 1453 539 Miss-

125 541 178 559 ms.
200 532 229 560 S.
251 534 382 563 Cornelii
404 538 614 574 compendien.
635 550 711 569 saec.
735 541 779 570 14.
801 542 871 570 Cod.
894 545 1021 573 Parisin.
1046 545 1151 574 17321.
1175 548 1205 575 C.
1230 563 1265 567 —
1284 550 1372 577 Grad.
1401 559 1454 577 ms.

125 572 154 598 S.
177 571 307 600 Cornelii
329 572 540 611 compendien.
563 587 639 607 saec.
664 579 706 608 14.
728 581 800 609 eod.
814 581 941 610 Parisin.
968 583 999 610 17
1008 582 1074 612 329.
1092 587 1127 613 D.
1144 601 1180 606 —
1195 585 1246 614 2³.
1271 586 1283 614 1
1307 590 1453 623 sapientis

123 609 160 636 D.
181 626 219 630 —
239 609 287 644 2b,
309 610 327 639 2
346 613 436 648 plecti
459 616 517 643 Ac.
540 631 576 636 —
598 617 615 645 5
637 619 801 655 regreditur
821 620 894 648 fehlt
918 623 951 648 D.
976 637 1005 640 —
1026 624 1220 652 Variationeu
1242 626 1293 653 der
1313 628 1452 662 gleichen

123 648 258 684 Sequenz
280 652 397 680 werden
429 654 528 690 folgen
549 657 589 683 im
610 657 712 686 Bande
732 658 784 686 dei·
807 659 914 695 „Tropi
936 661 1171 696 Antiphonales“
1195 668 1279 692 unter
1300 665 1356 693 den
1379 667 1453 694 Ver-

124 686 220 715 beten.

550 808 612 842 192.
652 810 694 841 De
715 812 826 842 sancta
847 812 1036 845 Katharina.

146 913 205 946 la.
236 914 291 946 Ad
317 915 456 954 palmam
483 916 575 948 huius
600 918 742 961 virginis,

241 961 319 993 Tam
345 963 477 1003 gloriosi
503 965 650 1005 nominis,

143 1047 206 1079 2a.
237 1047 328 1079 Haec
355 1049 512 1081 castitatis
539 1050 650 1092 lilium,

239 1094 341 1127 Facta
367 1106 498 1129 consors
525 1099 721 1140 caelestium,

142 1183 202 1216 32.
233 1183 271 1214 In
298 1184 387 1216 cuius
412 1185 552 1225 pueritia

235 1231 387 1264 Litterali
414 1233 532 1272 peritia

136 1319 196 1352 4a.
228 1318 467 1360 Quinquaginta
493 1321 678 1355 doctoribus

233 1366 312 1399 Cum
338 1376 376 1400 ea
403 1369 642 1409 disputantibus

134 1502 195 1534 5a.
226 1501 265 1533 In
293 1501 415 1534 Christi
441 1507 504 1536 stat
531 1507 706 1538 certamine

229 1550 293 1582 Pro
320 1551 387 1582 eius
415 1561 511 1592 passa
536 1554 675 1593 nomine,

130 1636 192 1668 62.
224 1636 349 1677 Corpus
377 1638 516 1671 ministri
542 1640 696 1684 lacerant,

226 1685 318 1725 Quod
345 1696 476 1719 movere
497 1698 560 1720 non
579 1693 745 1733 poterant,

134 1770 189 1803 7a.
223 1771 348 1803 Poenas
375 1772 498 1804 lictoris
524 1776 659 1814 respuit,

226 1818 311 1851 Dum
337 1829 428 1852 arma
455 1820 575 1854 Christi
602 1824 708 1856 induit

226 1867 346 1900 Parata
371 1869 470 1901 vitam
496 1871 646 1911 reddere,

225 1916 285 1956 Qui
313 1918 399 1949 venit
426 1918 508 1951 hanc
535 1920 704 1956 redimere.

127 2002 186 2036 Sa.
219 2004 272 2036 Ad
299 2004 427 2037 laudem
456 2006 549 2039 huius
576 2008 709 2050 virginis

222 2053 295 2085 Ictu
321 2054 501 2087 caeduntur
526 2055 681 2097 fulminis,

123 2139 182 2174 9a.
213 2139 311 2181 Regis
338 2151 420 2174 uxor
444 2145 680 2185 compungitur,

217 2188 300 2221 Dum
328 2190 510 2224 Katherina
536 2193 693 2235 caeditur,

840 920 901 955 lb.
940 923 1059 954 Psallat
1087 924 1201 956 chorus
1228 926 1370 957 fidelium

936 971 1052 1002 Petens
1080 972 1171 1004 huius
1198 973 1387 1007 subsidium.

839 1054 903 1087 2b.
935 1056 1048 1096 Regali
1075 1058 1175 1098 stirpe
1203 1060 1320 1099 genita,

938 1104 1087 1136 Nobilior
1112 1115 1170 1145 per
1196 1108 1322 1142 merita.

838 1190 900 1223 3b.
932 1191 991 1223 Est
1020 1193 1148 1225 erudita
1170 1194 1319 1234 primitus

934 1239 1091 1273 Doctrina
1118 1243 1220 1274 sancti
1244 1244 1390 1283 spirituS.

836 1326 899 1360 4b.
932 1327 1026 1359 Vitae
1052 1330 1203 1369 proponit
1230 1330 1382 1370 pabulum

931 1375 1058 1408 Docens
1093 1379 1306 1418 spernendum
1336 1389 1446 1412 saecu-

1272 1428 1347 1460 lum.

834 1509 896 1543 5b.
930 1510 1073 1542 Palmam
1101 1512 1255 1553 triumphi
1281 1514 1416 1552 obtinet.

931 1558 1036 1590 Vitam
1063 1564 1226 1593 aeternam
1254 1563 1409 1602 possidet.

835 1644 895 1679 6b.
928 1646 965 1678 In
994 1655 1090 1678 carne
1120 1647 1206 1680 facto
1231 1650 1362 1681 vulnere

930 1694 1002 1727 Non
1030 1701 1134 1727 cessat
1162 1697 1274 1729 laudes
1299 1707 1426 1731 canere.

829 1778 889 1811 7b.
921 1779 1019 1812 Fiunt
1045 1786 1134 1813 rotae
1161 1792 1231 1816 cum
1259 1785 1376 1823 studio,

922 1828 1025 1861 Instat
1054 1831 1186 1871 virginis
1214 1834 1332 1872 passio,

921 1877 1064 1910 Ministri
1094 1881 1179 1920 regis
1207 1882 1364 1918 saeviunt,

919 1925 1101 1959 Tormentis
1128 1928 1210 1961 hanc
1236 1930 1381 1962 iniciunt.

825 2012 888 2046 8b.
921 2013 1172 2047 Circumstantes
1198 2022 1269 2048 sunt
1297 2018 1432 2058 stupidi,

920 2061 1074 2094 Conversi
1101 2064 1192 2096 multi
1220 2066 1348 2105 perfidi.

822 2147 884 2182 9b.
916 2149 994 2181 Eius
1017 2151 1117 2182 anteit
1145 2153 1253 2191 passio

919 2197 1059 2230 Caelesti
1089 2199 1186 2240 digna
1212 2202 1366 2240 praemio.

97 2274 142 2307 10
152 2283 182 2308 a.
216 2275 347 2309 Vellunt
371 2287 526 2311 mammas
545 2279 586 2312 de
603 2284 736 2322 pectore
797 2283 842 2316 10
852 2283 882 2316 b.
915 2285 1051 2317 Demum
1078 2295 1230 2318 mucrone
1259 2288 1416 2332 caeditur,

217 2323 351 2358 Afflicto
380 2326 436 2359 diu
462 2336 599 2368 corpore
613 2341 620 2369 ς

97 2410 138 2444 11
151 2419 180 2446 a.
211 2412 264 2444 Ad
292 2413 495 2447 Katherinae
521 2416 692 2448 transitum

217 2460 348 2502 Duplex
363 2466 412 2495 est
420 2463 545 2504 signum
555 2464 733 2508 proditum,

149 2519 268 2543 Blume
277 2539 283 2549 ,
303 2520 474 2550 Sequentia
490 2523 628 2547 Ineditae.
661 2523 710 2548 IX.
738 2560 742 2565 μ

916 2333 1057 2374 Spiritus
1084 2334 1153 2366 Deo
1180 2335 1340 2369 redditur.

797 2418 883 2453 11b.
916 2419 983 2451 Lac
1010 2426 1138 2453 emanat
1164 2431 1223 2461 pro
1250 2422 1406 2462 sanguine

917 2469 955 2500 In
982 2469 1081 2500 altum
1108 2474 1203 2510 rapta
1229 2470 1363 2511 virgine.

1218 2526 1253 2555 12
