1655 2713
683 188 727 193 —
784 170 851 206 281
905 191 948 198 -—

172 257 231 290 9a.
263 257 374 291 Sancti
400 269 440 293 ex
467 262 531 295 fide
557 264 718 306 vixerunt,
869 269 933 304 ab.
966 271 1094 304 Montes
1133 271 1306 311 transfert,
1350 274 1478 306 morbos

263 307 332 346 Qua
358 310 470 342 mundi
496 321 595 353 regna
622 315 767 347 vicerunt
1188 321 1282 361 pellit

261 354 306 386 Et
331 360 465 391 aeterna
491 367 698 401 merueruut;
962 367 1011 399 Ac
1037 371 1244 408 tempestates
1270 371 1413 413 repellit,

310 403 411 437 Fides
439 406 518 439 facit
544 411 660 444 omnia.
965 415 1055 447 Vires
1083 417 1270 450 daemonum
1296 419 1475 459 compellit,

1010 464 1109 496 Tollit
1135 475 1281 506 quaeque
1308 468 1416 500 noxia.

140 551 183 584 10
195 561 224 584 a.
257 553 348 586 Haec
375 556 545 592 confirmat
571 560 755 603 sanitatem,
842 564 885 597 10
898 565 928 597 b.
959 565 1049 597 Haec
1067 567 1215 606 splendet
1234 569 1266 600 iu
1285 568 1474 610 infantibus,

259 601 350 634 Haec
378 604 510 638 roborat
537 609 730 650 castitatem,
960 613 1050 644 Haec
1076 614 1168 646 floret
1194 616 1225 647 in
1252 617 1434 657 iuvenibus,

258 649 350 682 Haec
377 658 511 686 exornat
540 655 740 699 dignitatem,
958 662 1049 693 Haec
1074 668 1209 702 apparet
1237 665 1269 696 in
1295 666 1436 705 senibus,

259 698 350 731 Haec
377 708 545 734 conservat
573 705 752 745 caritatem,
958 709 1049 741 Haec
1084 710 1220 751 refulget
1248 713 1280 744 in
1307 714 1472 756 gradibuS,

306 747 443 788 Copulat
470 751 620 793 collegia3
1005 757 1153 790 Custodit
1179 759 1297 793 officia.

136 844 221 879 lla.
255 847 280 880 Ο
308 847 386 880 fidei
413 850 507 882 huius
535 852 639 889 dator.
841 855 879 888 11
896 855 926 889 b.
959 858 1025 890 Fac
1052 864 1178 891 nostras
1206 861 1236 892 in
1257 866 1288 893 te
1309 861 1472 895 ferventes

257 896 364 936 Atque
391 898 458 929 eius
485 900 559 939 pius
586 905 683 939 sator⁷
960 906 1053 937 Fidei
1081 908 1187 938 calore
1213 915 1345 942 mentes.

255 943 356 976 Verus
385 947 492 978 cordis
522 947 693 988 habitator,
959 953 1026 984 Nos
1052 964 1184 994 agonem
1213 958 1390 989 recolentes

254 991 339 1024 Doni
365 994 412 1025 tui
439 1000 636 1034 munerator,
958 1001 1098 1033 Victoris
1126 1008 1157 1034 ot
1184 1006 1422 1044 congaudentes

301 1041 385 1072 Vota
411 1046 521 1074 nostra
551 1045 699 1086 suscipe;
1004 1050 1134 1093 Tecum,
1162 1061 1268 1083 secum
1297 1055 1418 1094 accipe.

207 1139 332 1166 Collect.
359 1149 411 1167 ms.
428 1142 613 1170 Victorinum
637 1153 713 1171 saec.
732 1144 775 1173 15.
795 1146 866 1174 cod.
883 1149 1008 1175 Parisin.
1028 1149 1132 1177 15163.
1156 1165 1191 1170 —
1206 1153 1262 1179 Mit
1276 1153 1415 1181 Melodie.
1432 1169 1466 1173 —

127 1174 181 1213 Zb,
206 1176 219 1203 1
242 1177 291 1204 Ut.
313 1193 351 1196 —
373 1177 426 1212 7b'
447 1179 466 1206 4
487 1181 558 1208 Fide
581 1187 712 1217 carente,
737 1185 808 1212 aber
830 1186 965 1213 letzteres
988 1189 1073 1215 VVort
1107 1191 1178 1217 iiber
1200 1192 1281 1218 einer
1303 1193 1408 1219 Rasur.
1431 1210 1465 1212 -—

126 1214 326 1243 Uberschrift:
357 1217 467 1251 „Prosa
495 1229 548 1255 pro
576 1221 625 1248 die
653 1225 851 1258 susceptionis
892 1226 976 1261 pedis
1002 1227 1210 1262 gloriosissimi
1234 1232 1350 1265 patroni
1373 1234 1464 1259 nostri

126 1253 272 1286 Victoris.
294 1258 460 1292 composita
480 1265 496 1285 a
519 1260 647 1295 quodam
670 1262 808 1297 religioso
833 1273 854 1290 s.
880 1264 1009 1292 Victoris
1031 1270 1099 1292 tunc
1116 1268 1296 1303 subpriore.“
1330 1270 1466 1298 Gemeint

124 1293 164 1318 ist
198 1292 274 1320 wohl
306 1293 358 1321 der
386 1295 530 1332 Subprior
558 1298 818 1331 Godefridus,
852 1311 909 1329 von
941 1304 1005 1330 dem
1038 1305 1283 1334 wahrscheinlich
1314 1309 1386 1335 auch
1417 1310 1465 1337 die

123 1330 390 1368 Agatha-Sequeuz
411 1335 498 1362 (oben
522 1337 574 1363 Nr.
596 1335 643 1369 25)
672 1339 730 1366 und
752 1339 800 1367 die
822 1341 1048 1378 Engelsequenz
1068 1345 1154 1373 (oben
1178 1346 1464 1376 Nr.34›sta1umen.

127 1369 184 1397 Die
208 1372 384 1407 „Susceptio
401 1373 502 1408 pedis“
520 1375 589 1402 fand
608 1380 681 1404 statt
700 1382 786 1405 unter
805 1379 857 1406 der
869 1381 1039 1416 Regierung
1050 1379 1141 1409 Karls
1154 1385 1187 1410 V.
1201 1394 1259 1411 von
1271 1386 1463 1419 Frankreich,

122 1409 214 1435 somit
236 1410 384 1438 zwischen
404 1410 604 1441 1364—1380.
620 1430 658 1434 —
672 1415 731 1443 Ein
747 1418 932 1446 Bruchstiick
948 1419 1045 1447 dieser
1060 1420 1194 1457 Sequenz
1211 1424 1249 1450 ist
1266 1433 1318 1451 aus
1334 1425 1465 1459 gleicher

124 1447 230 1480 Quelle
253 1450 413 1485 mitgeteilt
434 1460 493 1478 von
518 1452 650 1482 Gautier,
674 1455 767 1482 Adam
789 1456 824 1483 de
846 1457 888 1484 st.
912 1459 1024 1490 Victor,
1047 1460 1085 1491 11,
1108 1470 1136 1496 p.
1160 1459 1196 1487 25
1219 1472 1262 1497 sq.

577 1586 636 1617 317.
679 1588 721 1619 Dc
743 1592 852 1621 sancto
874 1590 1005 1630 vigilio.

152 1672 212 1705 la.
244 1673 352 1713 Salve,
381 1674 450 1706 dies
476 1676 627 1719 gloriosa,
854 1681 916 1714 1b.
952 1683 1038 1715 Civis
1066 1684 1154 1716 urbis
1181 1685 1402 1727 Tridentinae,

246 1721 285 1753 In
312 1732 375 1762 qua
402 1723 477 1755 Sion
505 1726 663 1764 speciosa,
949 1730 1070 1763 Gentes
1097 1733 1169 1764 huic
1194 1737 1427 1769 transmarinae

250 1769 374 1810 Sponsa
403 1771 524 1804 Christi
551 1783 716 1817 generosa,
947 1779 1025 1811 Sunt
1047 1782 1235 1814 coniunctae
1254 1788 1318 1815 tam
1338 1785 1456 1827 divine,

296 1818 424 1851 Gaudet
452 1822 484 1853 in
513 1821 643 1863 Vigilio.
991 1828 1092 1861 Roma
1120 1831 1236 1870 gaudet
1264 1832 1341 1867 filio.

140 1920 201 1952 2³.
235 1919 299 1952 Hic
326 1922 485 1954 convertit
513 1923 697 1958 Briscianos
844 1928 907 1962 2b.
941 1929 1031 1962 Vidit
1057 1940 1169 1963 manus
1195 1934 1382 1973 angelorum

239 1969 504 2012 Veronensesque
530 1981 672 2014 paganos
939 1978 1055 2010 Trinas
1082 1980 1205 2013 animas
1232 1991 1360 2014 suorum

234 2017 318 2050 Esse
345 2017 422 2051 fecit
449 2020 643 2054 christianos
937 2026 1060 2059 Dantes
1087 2029 1205 2069 gaudio
1231 2031 1392 2063 coelorum

283 2066 326 2099 Et
355 2068 516 2101 destruxit
541 2069 640 2104 idola.
984 2077 1087 2108 Verus
1114 2079 1224 2110 mundi
1251 2079 1367 2113 incola.

135 2168 197 2202 3a.
230 2168 366 2202 Demum
378 2169 487 2211 pergit
501 2171 575 2203 hinc
586 2172 775 2206 Randenam
841 2175 903 2209 3b.
936 2176 1036 2209 Gesta
1063 2176 1170 2210 ferens
1190 2180 1310 2213 Caesar
1335 2181 1451 2221 gaudet

227 2217 272 2250 Et
282 2218 485 2258 proChristo
495 2219 607 2252 suffert
617 2229 764 2261 poenam,
934 2225 977 2257 Et
1006 2225 1118 2267 fugare
1144 2227 1251 2259 hostes
1277 2229 1385 2263 audet.

229 2265 463 2308 Praeparatam
492 2267 588 2300 laude
621 2269 749 2309 plenam
932 2274 1058 2315 Pastor⁷
1077 2275 1169 2307 salva
1182 2285 1250 2315 noe,
1267 2286 1306 2308 ne
1321 2276 1451 2310 fraudet

281 2314 399 2348 Sedem
428 2317 531 2348 cernit
555 2317 703 2351 caelitus.
981 2322 1094 2354 Hostis
1120 2323 1176 2355 ille
1202 2324 1357 2364 perfidus.

183 2415 270 2444 Miss.
297 2425 352 2444 ms.
380 2418 546 2445 Romanum
579 2418 650 2445 anui
683 2416 766 2447 1468.
792 2420 863 2449 Cod.
890 2422 1099 2451 Carolsruhan.
1144 2424 1206 2451 Pm.
1233 2422 1260 2453 8.
1292 2441 1330 2444 —
1357 2426 1408 2460 lb,
1434 2427 1452 2456 2

104 2453 220 2483 Gentis.
248 2470 287 2474 —
315 2453 376 2487 2a,
406 2454 424 2483 2
453 2457 649 2484 Verenenses.
681 2472 719 2478 -—
755 2456 813 2492 212,
843 2458 863 2488 3
892 2461 1012 2498 gaudia.
1046 2477 1082 2481 —
1114 2463 1258 2492 Melodie:
1288 2466 1448 2495 Verbum

103 2494 251 2522 bonum.
