1655 2713
230 279 290 310 3a.

229 510 288 539 4a.

228 737 286 766 5a.

228 963 285 994 Ga.

230 1190 287 1220 7a.

227 1598 286 1628 93.

203 1824 246 1855 10
258 1832 287 1856 a.

201 2095 240 2126 11
254 2103 282 2126 a.

197 2318 282 2351 12a.

735 176 996 212 -330—

322 277 415 308 Nunc
441 280 548 308 coetus
573 275 741 315 apostolici

326 325 590 363 Pati-iaschaeque
616 323 756 361 iucundi,

324 372 528 405 Confessores
554 377 583 402 et
610 376 777 410 martyres,

323 423 444 452 Adeste
469 420 560 451 nobis
586 419 764 459 supplices3

320 508 496 547 Properate
523 514 616 545 nunc,
643 505 810 547 lactentes,

323 554 436 585 Currat
462 554 621 594 iuventus,
648 553 792 593 impubes

322 602 362 632 Et
390 602 527 639 tremuli,
554 601 639 632 tardi
666 610 767 636 senes,

368 649 450 680 Dum
477 649 583 680 vivitis
610 649 641 680 in
670 650 787 688 vigore,

319 734 461 774 Argolici
488 739 698 775 recensentes,

321 782 398 813 Eius
425 782 504 812 mira
530 780 717 821 referentes,

322 830 447 860 Laudes
471 830 570 860 sancti
591 829 824 867 depromentes,

370 877 539 908 Praeclara
566 877 727 908 beneficia.

321 962 522 1002 Coenobitae‚
551 963 711 1001 regulares

322 1009 365 1040 Et
391 1019 446 1040 vos
472 1019 579 1040 omnes
607 1010 798 1049 saeculares,

322 1057 363 1087 Et
391 1066 428 1087 ue
455 1056 523 1087 sitis
549 1057 725 1096 singulares

375 1104 550 1134 Psallentes
586 1113 653 1134 cum
681 1104 828 1135 melodia.

320 1189 488 1220 Nobilibus
514 1190 673 1220 natalibus

324 1236 533 1270 Praenobilis,
560 1237 755 1275 parentibus,

322 1283 469 1314 Nobilior
494 1284 673 1323 virtutibus,

368 1331 415 1361 Ex
443 1331 539 1361 nobili
566 1333 733 1371 prosapia3

261 1428 289 1448 ·.
322 1416 413 1447 quta
439 1426 551 1447 nomen
578 1417 703 1448 Nicolai

324 1463 472 1494 Gloriosa
496 1465 564 1494 laus
588 1465 708 1507 populi,

368 1511 510 1542 Victoria
537 1512 666 1543 inimici.

318 1596 468 1627 Nicolaus
495 1597 655 1637 mirificus,

323 1644 408 1674 Mira
434 1653 546 1683 gerens
570 1645 746 1686 munificus,

322 1691 407 1730 Erga
433 1701 540 1722 omnes
567 1692 736 1732 beneficus,

370 1738 544 1770 Conferens
570 1739 733 1772 beneficia.

318 1823 381 1855 Res
408 1829 454 1854 est
479 1834 577 1866 nova,
606 1834 656 1856 res
682 1826 825 1865 insignis,

319 1872 407 1909 Quod
419 1876 479 1902 stat
493 1877 606 1911 rectus,
614 1882 674 1904 non
685 1873 829 1912 declinis,

319 1919 492 1958 Tamquam
518 1920 627 1950 firmus
649 1925 680 1951 et
699 1921 823 1952 stabilis

317 1965 358 1996 Et
386 1967 512 1998 videtur
538 1967 708 1999 immobilis

365 2014 480 2045 Adhuc
508 2015 537 2045 in
563 2014 709 2047 infantia.

314 2095 396 2126 Bina
421 2095 472 2127 die
498 2096 698 2128 hebdomada

317 2143 429 2174 Carnis
456 2147 563 2182 portat
588 2145 788 2176 incommoda

316 2190 359 2221 Et
385 2190 559 2222 substrahit
586 2192 737 2224 alimenta

365 2239 400 2270 In
430 2239 488 2270 hac
514 2240 579 2271 vita
605 2240 731 2272 misera.

313 2318 355 2349 Et
380 2319 412 2350 in
439 2320 527 2351 cunis
553 2322 731 2361 vagientem

318 2366 413 2398 Videt
439 2371 565 2407 natum,
593 2369 820 2412 blandientem,

319 2415 404 2446 Voce
428 2420 517 2455 gestu
542 2417 789 2457 adplaudentem

365 2462 443 2494 Cum
469 2473 590 2496 summa
616 2465 749 2499 laetitia.

915 273 980 307 3b.

917 505 978 538 4b.

914 733 978 766 5b.

913 962 975 995 6b.

914 1190 973 1222 7b.

916 1419 976 1451 Sb.

912 1599 972 1632 9b.

889 1829 930 1860 10
943 1828 973 1861 b.

885 2099 970 2134 11b.

882 2325 925 2357 12
941 2325 972 2360 b.

1013 273 1138 307 Chorus
1164 281 1328 305 sacrarum
1353 273 1509 314 virginum

1010 322 1245 361 Beatorumque
1271 322 1411 354 omnium

1009 370 1143 411 Civium,
1171 370 1268 401 simus
1294 370 1430 402 heredes

1010 418 1290 458 Super-notumque
1325 422 1499 450 consortes.

1011 505 1120 536 Omnis
1146 513 1250 546 sexus,
1279 505 1382 536 omnis
1407 509 1506 545 aetas,

1011 552 1131 591 Quibus
1156 553 1238 583 inest
1266 553 1444 593 maturitas,

1012 600 1054 633 Ut
1080 601 1191 632 laudes
1218 601 1284 631 eius
1313 601 1437 633 debitas

1059 649 1213 680 Concinat
1238 649 1323 680 omni
1348 654 1504 690 tempore.

1011 734 1122 773 Neque
1142 743 1203 766 vox
1223 740 1269 766 est
1284 743 1386 774 neque
1399 744 1520 773 sensus,

1008 781 1123 813 Nullae
1138 783 1233 822 vires,
1253 783 1375 814 nullum
1393 792 1519 824 corpus,

1012 829 1124 869 Neque
1151 831 1235 862 valet
1263 830 1355 862 huius
1381 840 1461 870 opus

1058 877 1206 909 Laudare
1232 887 1290 917 per
1316 879 1432 910 omnia.

1006 963 1176 994 Adunetur
1202 969 1286 995 totus
1313 965 1438 1004 chorus,

1010 1010 1128 1041 Noster
1153 1016 1260 1042 coetus
1288 1013 1329 1043 sit
1357 1013 1502 1049 decorus,

1008 1058 1051 1089 Et
1078 1064 1248 1089 concentus
1275 1060 1315 1090 sit
1342 1069 1486 1099 sonorus,

1061 1105 1173 1137 Cantet
1201 1116 1269 1137 cum
1293 1107 1426 1139 laetitia.

1006 1192 1119 1224 Clarus
1144 1200 1202 1230 per
1230 1195 1462 1233 progenitores.

1006 1239 1129 1271 Claruit
1155 1248 1213 1278 per
1239 1249 1346 1271 sacros
1370 1250 1482 1279 mores,

1004 1286 1118 1317 Mundi
1145 1286 1227 1327 fugit
1254 1292 1328 1319 tunc
1355 1288 1482 1320 favores

1053 1335 1168 1366 Adhuc
1193 1336 1225 1366 in
1251 1335 1396 1367 infantia.

1014 1420 1098 1451 Laus
1124 1422 1155 1452 in
1175 1426 1271 1455 terra.
1290 1423 1359 1453 laus
1377 1423 1409 1454 in
1427 1424 1507 1454 mari

1008 1467 1135 1499 Laudes
1163 1468 1245 1500 ferat
1273 1470 1441 1512 conditori,

1055 1516 1114 1555 Qui
1140 1516 1244 1548 factus
1271 1523 1319 1548 est
1345 1519 1413 1549 sine
1435 1519 1517 1558 pari.

1511 1450 1518 1463 2

1004 1601 1097 1632 Miris
1123 1603 1269 1634 miranda
1294 1605 1482 1640 succedunt,

1007 1648 1174 1680 Mirabiles
1204 1651 1316 1682 laudes
1343 1659 1499 1689 crescunt,

1006 1696 1088 1727 Dum
1116 1698 1249 1729 virtutes
1276 1701 1458 1739 percipiunt

1052 1744 1133 1776 Tota
1157 1746 1292 1777 mirante
1319 1747 1467 1782 Graecia.

1006 1829 1100 1869 Vagit
1127 1830 1243 1870 infans,
1271 1834 1328 1864 sed
1355 1835 1480 1873 vagitus

1005 1877 1173 1916 Nunquam
1199 1880 1274 1910 talis
1301 1887 1348 1912 est
1373 1882 1514 1923 auditus,

1004 1925 1040 1955 In
1069 1924 1181 1957 balneo
1208 1933 1270 1958 stat
1297 1934 1422 1960 erectus

1003 1972 1175 2012 Tamquam
1183 1976 1329 2013 pueriam
1340 1976 1514 2019 perfectus,

1049 2020 1110 2051 Dei
1136 2022 1279 2061 repletus
1304 2026 1419 2064 gratia.

1002 2101 1062 2133 Ille
1087 2111 1199 2141 parum
1225 2104 1312 2136 laute
1337 2111 1458 2145 pastus,

1003 2149 1084 2180 Tota
1111 2150 1162 2181 die
1188 2152 1234 2182 sic
1259 2153 1394 2193 ieiunus,

1002 2197 1056 2228 Ab
1082 2198 1178 2230 ubere
1203 2199 1377 2234 abstemius

1051 2246 1087 2277 In
1114 2252 1219 2279 aetate
1245 2253 1366 2284 tenera.

1003 2326 1168 2360 Lascivias
1195 2331 1335 2370 pueriles

1001 2374 1175 2408 Devitabat
1200 2379 1339 2423 inutiles,

1000 2422 1097 2464 Fugit
1120 2430 1210 2458 actus
1238 2428 1391 2462 iuveniles

1048 2471 1110 2504 Hic
1136 2475 1169 2506 in
1196 2475 1427 2514 adulescentia.
