1655 2713
661 171 921 206 —211—

147 253 210 284 4a.
244 253 326 288 Nam
354 259 458 291 caecis

246 302 359 346 visum,
389 307 512 341 claudis
539 321 668 352 gressus

246 351 392 385 reddidit
417 354 524 390 officia

146 457 207 488 5a.
241 456 375 491 Necnon
402 467 527 495 mortua

241 508 448 540 resuscitavit
472 519 618 551 corpora.

242 553 325 585 Nam
352 557 608 592 catechuminum

240 607 423 641 prostratus
449 605 480 637 in
508 616 605 646 prece
630 611 694 653 pia,

241 650 359 683 virtute
386 651 487 685 fretus
510 656 595 696 diva,

145 754 207 787 fia.
238 755 315 787 Mox
342 757 437 790 turba
463 761 629 799 gentilium

240 803 271 834 in
288 804 449 838 Christum
470 809 610 842 credidit
623 820 753 854 magna3

141 909 199 941 7a.
232 910 360 943 Idcirco

234 959 378 998 paradisi
404 962 528 1001 positus

233 1007 352 1047 gaudet
377 1009 408 1040 in
436 1010 520 1049 aula,

233 1055 313 1096 Regi
339 1066 449 1097 regum
475 1068 667 1100 permanens

231 1108 342 1143 gratus
369 1114 428 1145 per
452 1109 591 1148 saecula,

232 1153 440 1194 possisletque
466 1156 579 1189 ardua.

847 270 909 305 4b.
940 271 983 303 Et
1009 273 1128 305 mancis

941 329 979 351 ac
1004 321 1191 363 paralyticis

942 365 1136 409 (re)paravit
1162 370 1303 404 membra
1329 381 1418 416 sana,

844 471 905 504 5b.
937 473 1046 505 Alium
1073 476 1185 516 laqueo

938 526 1064 561 captum
1092 529 1194 556 morte
1219 526 1297 558 satis
1326 526 1407 565 dira,

938 568 1081 602 Tertium
1106 572 1221 605 viduae

937 621 1045 648 natum
1073 619 1217 652 reddidit
1243 622 1275 653 in
1301 632 1378 655 arva

936 665 1105 703 spoliando
1131 671 1263 702 tartara.

841 766 900 799 6b.
933 769 997 802 Sed
1024 770 1117 809 plura
1143 773 1192 804 vir
1217 774 1331 807 iisdem

935 817 1048 850 zabulo
1075 819 1181 852 intulit
1209 822 1334 856 damna.

837 921 898 954 7b.
930 922 1135 964 Quapropter

931 971 998 1002 eius
1023 973 1163 1006 colentes
1192 974 1274 1008 festa

930 1018 1025 1051 hodie
1051 1030 1143 1053 sacra

929 1066 969 1098 ab
992 1069 1077 1100 omni
1104 1071 1198 1111 malo,
1231 1072 1367 1114 Christe,

929 1124 985 1146 nos
1012 1117 1157 1149 oratione
1183 1120 1267 1159 (pia)

925 1172 1053 1204 semper
1079 1166 1146 1197 eius
1171 1167 1283 1203 libera.

185 1256 268 1283 Miss.
290 1258 510 1288 Matisconense
532 1264 599 1298 imp.
625 1264 761 1299 Lugduni
786 1265 868 1293 1532.
886 1282 924 1286 —-
941 1267 963 1300 l,
987 1267 1004 1296 2
1025 1273 1152 1299 conscio.
1170 1287 1205 1291 -—
1219 1272 1272 1305 31),
1295 1274 1312 1302 4
1335 1280 1435 1311 pati-:1-

109 1295 152 1321 vit
172 1303 286 1331 magna.
311 1311 344 1315 -
368 1296 423 1331 611,
449 1299 460 1326 l
485 1300 586 1328 isdem.
608 1317 646 1320 —
667 1302 716 1336 721,
739 1303 757 1331 5
778 1306 886 1333 saecla.
904 1323 941 1327 —
957 1306 1009 1340 7¹),
1031 1308 1048 1336 2
1070 1320 1113 1346 sq.
1137 1311 1222 1339 hodie
1244 1313 1318 1340 festa
1340 1324 1439 1342 sacra.

549 1444 619 1475 234.
664 1446 704 1477 lle
729 1449 837 1479 saneto
859 1449 1004 1481 Martino.

130 1529 188 1562 la.
218 1529 391 1563 Excitetur
416 1533 509 1572 plebs
537 1535 652 1568 devota

223 1578 268 1610 Et
294 1580 442 1613 intendat
468 1586 574 1615 mente
597 1588 665 1616 tota

272 1628 408 1661 Martini
433 1633 625 1672 praeconi03

126 1734 185 1769 2a.
218 1734 243 1767 O
270 1737 473 1775 praeclarum
500 1738 594 1771 iubar
619 1740 711 1784 lucis,

220 1784 321 1823 Quam
335 1785 368 1817 in
379 1786 508 1818 laudem
518 1789 631 1820 summi
645 1789 734 1822 ducis

267 1833 311 1864 Et
337 1833 490 1867 honorem
518 1837 629 1869 militis

123 1938 143 1971 3
155 1947 184 1971 a.
217 1938 352 1973 Gemma
367 1940 492 1983 fulgens
503 1943 734 1988 confessorum,

219 1987 315 2021 Sidus
350 1990 448 2032 cleri,
475 1990 533 2024 flos
567 1993 734 2026 doctorum

218 2036 379 2082 Singulari
403 2039 474 2072 luce
500 2051 623 2075 morum

268 2086 416 2120 Illustrat
442 2090 621 2123 ecclesiam.

115 2188 178 2220 4a.
213 2188 275 2220 Hic
300 2200 319 2222 a
346 2191 437 2223 cunis
461 2201 557 2225 curae
584 2194 670 2225 mitis

211 2237 256 2270 Et
282 2239 434 2272 virtutum
462 2241 612 2281 insopitis

261 2287 455 2329 Indulgebat
480 2290 615 2329 studii53

111 2389 176 2422 5a.
213 2389 273 2421 Vix
301 2399 321 2422 a
347 2391 432 2423 lacte
457 2395 689 2432 sequestratur,

209 2436 289 2470 Cum
317 2448 462 2472 errorem
489 2440 671 2473 detestatur

258 2486 385 2520 Natalis
413 2488 618 2531 Pannoniae3

826 1539 885 1572 lb.
918 1537 1147 1575 Confessorem
1176 1553 1372 1586 veneremur,

918 1590 1016 1628 Quem
1051 1591 1077 1622 si
1105 1592 1200 1632 digne
1227 1594 1428 1637 confitemur,

966 1638 1086 1671 Laudis
1113 1645 1161 1671 est
1188 1641 1359 1676 confessio.

824 1743 884 1776 2b.
918 1744 1003 1777 Cleri
1030 1755 1105 1779 cura
1128 1748 1173 1779 sic
1201 1750 1366 1791 expendit,

915 1794 1007 1833 Quod
1043 1795 1191 1828 devotam
1223 1807 1257 1829 se
1290 1800 1431 1832 ostendit

967 1842 1034 1874 Viri
1061 1845 1142 1876 tanti
1167 1847 1310 1878 meritis!

821 1948 882 1982 3b.
916 1949 1002 1981 Audi
1028 1960 1132 1983 mores
1158 1956 1189 1983 et
1216 1954 1342 1996 mirare,

917 1998 984 2030 viri
1014 1999 1111 2031 vitam
1138 2001 1264 2033 imitare

914 2046 955 2078 Et
983 2047 1029 2079 sic
1057 2052 1146 2088 potes
1174 2050 1339 2083 immolare

963 2095 1096 2128 Gratam
1136 2098 1240 2130 laudis
1275 2099 1423 2133 hostiani.

813 2198 833 2229 4
845 2196 875 2229 b.
907 2197 1057 2230 Nondum
1069 2203 1174 2231 tamen
1184 2210 1239 2232 vas
1251 2202 1427 2241 signatum,

910 2245 973 2278 Vas
1001 2248 1100 2279 acetis
1128 2247 1328 2280 defaecatum

957 2295 1130 2327 Parentum
1157 2297 1326 2337 contagiis.

814 2394 876 2429 5b.
910 2395 963 2428 Fit
1000 2397 1126 2436 paterni
1153 2402 1280 2438 spretor
1307 2401 1422 2443 cultus,

908 2444 970 2477 Dei
997 2445 1101 2477 cultor
1127 2449 1159 2478 et
1183 2447 1326 2480 occultus

954 2494 1090 2526 Amator
1116 2495 1283 2529 ecclesiae.

1190 2551 1248 2580 14*
