1655 2713
220 259 280 290 (ia.
314 257 435 289 Multas
461 261 567 288 noctes

362 305 519 336 insomnes
547 305 692 343 ducebat,

311 353 410 385 Manu
436 362 492 384 sua

361 401 485 432 codices
512 400 671 433 scribebat

408 449 465 479 Vir
490 448 668 488 perfectu53

244 539 271 556 a.
302 525 481 564 Ingemiscit

360 573 470 603 videns
496 573 654 612 pullulare

308 621 430 652 Malum
456 621 565 660 ingens

354 674 385 699 et
410 669 531 700 lucrum
559 678 685 701 amarae

403 716 568 748 Vanitatis.

212 793 270 825 8³.
302 791 484 822 Honoratus

352 839 408 869 ille
437 839 646 871 Vercellensis

304 887 398 918 Illum
426 887 505 918 vidit

351 935 495 965 manibus
521 937 670 975 expansis

398 982 449 1012 Ad
476 992 623 1022 superna.

302 1057 399 1088 Sacro
427 1057 512 1089 fonte

351 1104 451 1135 abluti
477 1105 614 1137 infantes

300 1152 394 1183 Hunc
419 1153 580 1184 sedentem

350 1199 381 1230 in
407 1200 482 1231 sede
509 1201 651 1233 videntes

396 1248 614 1287 Admirantur,

211 1059 270 1089 9ο..

300 1322 392 1353 Vitae
421 1323 502 1354 diem

352 1370 495 1402 ultimum
521 1374 693 1410 praescivit

303 1417 345 1448 Et
371 1418 512 1450 victurus

349 1465 389 1496 ad
417 1474 544 1505 regnum
572 1469 720 1500 transivit

399 1513 572 1546 Claritatis.

188 1323 269 1353 lOa.

258 1586 394 1621 Sequent.
416 1597 467 1615 ms.
484 1589 707 1618 Ravennatense
729 1594 798 1619 anni

819 160 888 194 340
938 179 986 185 -—

907 257 971 291 6b.
1004 257 1163 291 Caelestia

1049 310 1134 338 totus
1159 307 1342 351 anhelabat,

1001 354 1037 386 In
1065 355 1182 386 divinis

1048 403 1189 435 intentus
1217 405 1352 438 vacabat

1096 452 1293 487 Intellectus,

904 526 964 558 7b.
998 527 1155 560 Minuitur

1045 577 1133 608 nulla
1158 578 1278 619 inopia,

995 623 1136 656 Satiatur

1043 682 1104 704 non
1132 682 1237 705 rerum
1265 675 1356 715 copia

1090 721 1127 752 In
1154 722 1320 762 praelatis.

898 795 959 828 8b.
992 797 1054 828 Per
1079 797 1162 828 hunc
1187 807 1280 830 sacra

1040 845 1172 876 offertur
1198 846 1299 878 hostia

992 892 1035 923 Et
1061 893 1206 925 caelestis

1039 941 1086 971 illi
1110 945 1199 980 patet
1227 943 1276 974 via

1084 990 1136 1020 Ad
1163 994 1304 1025 aeterna.

896 1062 957 1096 9b.
988 1066 1224 1097 Ascendentem

1036 1113 1135 1152 digito
1161 1118 1385 1155 monstrantes,

987 1159 1029 1190 Et
1056 1170 1117 1192 non
1144 1171 1237 1200 posse

1037 1208 1144 1239 videre
1171 1214 1319 1248 parentes

1081 1256 1327 1291 Contristantur.

874 1330 916 1362 10
928 1329 957 1364 b.
989 1331 1165 1364 Pretiosam

1036 1379 1158 1411 solutus
1183 1381 1216 1412 in
1243 1387 1376 1415 mortem

989 1426 1183 1460 Nunieratur

1035 1475 1065 1505 in
1093 1482 1274 1509 sanctorum
1301 1484 1419 1511 sortem

1085 1524 1161 1555 Cum
1189 1525 1300 1560 beatis.

824 1592 983 1623 1585-87.
1001 1598 1070 1624 Cod.
1087 1599 1218 1627 classen.
1241 1600 1298 1629 360
1318 1601 1394 1633 (139.
1415 1604 1441 1631 5.
1458 1606 1498 1639 S).

525 1749 591 1779 353.
633 1750 665 1780 ln
690 1750 906 1784 Translatione
926 1763 949 1785 s.
971 1756 1150 1796 Augustini.

208 1834 223 1865 1
239 1843 267 1866 a.
299 1835 443 1867 Summus
450 1839 577 1876 praesul
585 1839 811 1881 Hipponensis,

304 1881 449 1915 Civitatis
476 1885 680 1925 Tagastensis

349 1932 544 1971 Augustinus
570 1934 723 1975 pontifex,

205 2006 264 2037 2³.
299 2005 393 2038 Plebs
419 2007 541 2040 Affriea
567 2009 748 2050 flagellatur

299 2054 362 2086 Per
387 2055 549 2096 barbaros,
578 2059 737 2091 cruciatur

347 2103 455 2134 Armis
481 2108 513 2135 et
538 2105 703 2148 incendio;

203 2177 223 2209 3
233 2186 262 2209 a.
295 2178 453 2210 Posthaec
460 2180 640 2220 Hipponem
649 2189 812 2225 venerunt,

300 2225 399 2258 Manu
426 2226 501 2259 forti
527 2229 722 2263 obsederunt

347 2274 487 2308 Castella
512 2281 544 2308 et
569 2280 702 2311 moenia.

203 2351 264 2382 4a.
297 2350 340 2381 Et
365 2351 423 2383 sub
450 2353 506 2384 tali
533 2354 660 2387 miseria

297 2399 466 2439 Augustini
494 2410 581 2433 mens
605 2405 701 2436 anxia

345 2447 493 2480 Maerore
518 2449 667 2484 afficitur.

890 1844 949 1878 lb.
983 1846 1090 1878 Sacris
1116 1850 1249 1883 edoctus
1275 1853 1379 1886 literis

988 1894 1110 1927 Nomen
1138 1898 1221 1930 vitae
1249 1900 1304 1932 dat
1330 1905 1467 1941 posteris

1036 1942 1195 1977 Scientiae
1221 1948 1351 1983 artifex,

891 2016 955 2049 2b.
989 2018 1077 2050 Nulli
1102 2023 1193 2053 sexui
1219 2030 1389 2063 parcentes

986 2066 1029 2097 Et
1054 2069 1160 2101 omnia
1186 2071 1390 2107 devastantes

1033 2115 1187 2150 Extremo
1210 2121 1347 2156 excidio.

889 2188 950 2224 ab.
982 2190 1062 2222 Sunt
1087 2195 1214 2226 exsules
1240 2207 1259 2228 a
1284 2200 1401 2241 patria,

986 2239 1044 2278 Qui
1071 2242 1212 2276 tulerunt
1237 2245 1387 2280 incendia

1035 2288 1073 2320 In
1099 2299 1213 2331 magna
1238 2297 1395 2334 angustia.

893 2361 955 2395 4b.
986 2363 1048 2395 Hic
1073 2366 1181 2406 gladio
1207 2371 1383 2406 trucidatos

990 2412 1097 2454 Videt,
1123 2415 1203 2448 alios
1230 2416 1366 2462 fugatos,

1032 2461 1112 2494 Prae
1137 2463 1247 2497 dolore
1273 2470 1417 2506 moritur.
