1655 2713
667 147 929 183 —189—

160 248 220 281 2a.
251 246 315 278 Hic
342 247 456 279 vivens
480 247 617 280 innocue

254 294 298 327 Et
323 299 434 327 castus
461 295 611 328 continue

253 342 377 383 Dignus
404 346 453 375 est
479 343 667 384 praecipue,

301 391 392 429 Quod
418 391 584 424 laudetur.

157 479 219 512 3a.
250 476 353 510 Fama
379 477 462 509 tanti
487 477 648 517 praesulis

251 525 400 565 Experta
425 526 590 557 miraculis

254 573 462 606 Saeculorum
489 573 627 605 saeculis

301 621 564 655 Commendetur.

157 712 219 743 4a.
250 709 374 750 Lingua
403 708 466 740 sibi
492 708 663 745 scinditur,

257 757 331 796 Sed,
360 761 395 788 ut
419 760 505 798 ante,
532 756 686 796 loquitur,

255 805 352 838 Plebs
378 814 438 845 per
464 805 568 844 ipsum
595 804 717 844 regitur

298 854 343 886 Et
368 854 517 885 docetur.

157 944 216 975 5a.
249 940 375 974 Ceteris
401 949 496 980 quam
523 938 670 979 pluribus

250 988 366 1029 Fulget
393 988 445 1019 bic
472 987 655 1027 virtutibus,

253 1036 409 1069 Subvenit
435 1035 643 1076 languoribus

299 1085 342 1117 Et
368 1084 526 1116 medetur.

858 243 920 278 2b.
952 242 1014 274 Hic
1039 241 1151 281 stirpis
1178 240 1344 279 ingenuae,

957 290 1120 324 Literatus
1146 292 1286 328 strenue,

954 338 1035 371 Esse
1061 336 1191 377 praesul
1217 335 1352 367 Aeduae

1003 386 1220 418 Promeretur.

854 473 916 508 3b.
950 471 1107 504 Traditus
1135 469 1174 502 ab
1202 469 1336 501 aemulis

950 520 1076 560 Fugam
1103 518 1175 549 tulit
1201 517 1333 554 exsulis,

950 568 1029 600 Mox
1059 566 1192 598 orbatus
1218 565 1318 597 oculis

1006 615 1076 647 Non
1105 618 1257 647 terretur.

859 704 921 738 4b.
954 703 1032 735 Mox
1063 702 1168 742 capite
1195 699 1360 740 plectitur,

957 751 1022 784 Sed
1050 751 1131 781 mira
1158 758 1208 781 res
1235 748 1359 788 agitur:

957 800 1104 832 Cadaver
1130 807 1193 829 non
1220 797 1362 837 quatitur

1006 848 1073 879 Nec
1100 850 1256 877 movetur.

855 935 916 969 5b.
952 935 1055 966 Huius
1085 942 1160 972 ergo
1188 931 1338 971 precibus

956 982 1052 1015 Plebs
1080 980 1252 1012 mundetur
1279 978 1431 1010 sordibus

954 1031 995 1063 Et
1023 1031 1055 1062 in
1083 1029 1163 1061 caeli
1190 1027 1321 1060 sedibus

1002 1078 1196 1110 Collocetur.

207 1173 291 1199 Miss.
319 1171 514 1199 Gebennense
542 1171 612 1204 imp.
642 1168 801 1196 Gebeunae
833 1165 915 1195 1498.
943 1166 976 1192 A.
1006 1179 1044 1184 —
1067 1165 1152 1192 miss.
1184 1162 1376 1190 Gebennense
1405 1160 1475 1195 imp.

132 1211 269 1248 Lugduni
293 1208 376 1238 1521.
397 1211 431 1237 Β.
453 1224 489 1228 -
512 1207 561 1239 23,
583 1206 601 1235 2
624 1209 714 1235 castis
736 1207 769 1234 B.
792 1222 830 1227 —-
851 1205 994 1233 Melodie:
1019 1204 1164 1231 Mariae
1186 1201 1405 1237 praeconio*

562 1341 631 1372 209.
673 1341 715 1371 De
740 1341 847 1371 sancto
870 1337 1041 1369 Leonardo.

162 1436 225 1468 la.
257 1433 480 1466 Confessorem
509 1431 727 1464 venerandum

258 1483 457 1514 Veneremur
484 1480 726 1520 Leonhardum‚

256 1531 356 1564 Cuius
381 1537 496 1561 nomen
516 1533 581 1560 tam
601 1528 777 1561 iucundum

306 1579 419 1610 Floret
445 1577 477 1609 in
505 1577 652 1611 ecclesia.

163 1697 223 1729 2a.
257 1693 404 1734 Remigio
429 1692 681 1729 commendatur,

257 1744 287 1775 A
315 1752 377 1783 quo
404 1750 484 1782 puer
511 1741 696 1781 baptizatur

257 1791 300 1824 Et
327 1791 504 1822 instructus
531 1789 704 1821 decoratur

307 1839 427 1872 Divina
452 1838 597 1870 scientia.

161 1929 223 1962 3a.
254 1927 310 1959 Fit
341 1926 469 1959 medela
493 1924 717 1966 languidorum

256 1975 373 2008 Nexus
401 1975 528 2007 solvens
555 1974 756 2014 captivorum

255 2024 301 2057 Et
335 2024 468 2065 reginae
498 2023 554 2055 dat
580 2022 781 2054 Francorum

309 2072 430 2105 Salutis
457 2071 611 2104 remedia.

864 1428 925 1463 lb.
958 1428 1024 1459 Leo
1050 1427 1154 1465 fortis,
1183 1425 1256 1456 dum
1285 1422 1431 1461 certavit,

958 1476 1135 1515 Mundum,
1173 1482 1317 1512 carnem,
1351 1471 1474 1501 hostem

1242 1520 1356 1552 stravit

959 1573 999 1605 Et
1029 1581 1062 1603 se
1089 1571 1224 1602 nardum
1253 1566 1431 1600 declaravit

1009 1620 1126 1653 Odoris
1154 1617 1338 1658 fraglantia.

862 1689 923 1723 2b.
958 1688 1061 1721 Huius
1088 1686 1189 1718 crevit
1215 1682 1426 1716 hortamentis

959 1736 1158 1769 Adolescens
1186 1742 1266 1774 puer
1292 1731 1407 1763 mentis

960 1786 996 1817 In
1025 1784 1143 1816 divinis
1170 1780 1380 1814 sacramentis

1009 1833 1051 1866 Et
1080 1833 1231 1864 virtutum
1259 1829 1373 1870 gratia.

865 1922 929 1957 3b.
960 1920 1138 1954 Sanctitate
1166 1919 1214 1950 vir
1238 1916 1383 1956 insignis,

962 1970 1022 2009 Qui
1045 1967 1224 2009 praeclaris
1244 1964 1345 2005 fulget
1365 1962 1477 2004 signis7

964 2019 1120 2059 Impetret
1146 2015 1239 2048 nobis
1265 2012 1408 2052 indignis

1012 2066 1216 2106 Sempiterna
1236 2062 1363 2103 gaudia.

206 2160 296 2189 Grad.
336 2167 388 2186 ms.
418 2157 713 2186 Mosaetraiectinum
746 2163 822 2183 saec.
853 2152 896 2181 15.
923 2153 993 2181 Cod.
1024 2153 1139 2187 Hagen.
1162 2150 1189 2177 .J.
1219 2151 1244 2176 δ’.
1275 2162 1309 2166 -
1332 2145 1478 2174 Melodie:

132 2197 289 2227 Verbum
310 2198 328 2226 b
341 2206 462 2225 onum.

590 2278 652 2311 210.
694 2279 737 2309 De
758 2279 870 2309 sancto
891 2276 1018 2308 Leonio.

160 2375 177 2408 1
189 2384 219 2408 a.
253 2374 380 2414 Gaude,
392 2373 486 2415 plebs
495 2381 580 2405 nunc
596 2369 809 2409 Pictavensis,

253 2422 437 2456 Praeconia
463 2430 534 2454 cum
561 2428 709 2453 recenses

305 2471 440 2505 Patroni
465 2468 647 2511 magnifica,

870 2368 931 2402 lb.
963 2368 1072 2406 Pange
1095 2364 1216 2402 metris,
1245 2370 1332 2400 voce,
1361 2363 1482 2397 mente,

963 2415 1034 2448 Non
1063 2414 1165 2446 recise
1191 2411 1249 2443 sed
1275 2414 1409 2448 attente,

1014 2459 1163 2504 „Pater‚“
1188 2461 1250 2500 dic,
1274 2457 1474 2501 „salvifica.“
