1655 2713
216 333 271 365 la.

213 525 271 555 2³.

211 715 268 746 32.

210 906 269 936 4³.

209 1096 257 1126 5a

207 1544 263 1576 la.

202 1734 260 1765 2a.

200 1972 260 2004 3a.

199 2164 258 2195 4a.

196 2357 259 2387 5a.

735 160 971 194 -70-

633 263 678 294 68.
720 263 762 293 De
783 264 893 294 sancta
914 262 1068 294 Barbara.

303 333 441 374 Egregia
467 342 583 373 sponsa
611 334 740 373 Christi,

302 381 816 421 Carnem,mundumquaevicisti‚

356 429 443 468 Orta‚
471 430 560 469 virgo
585 429 738 471 Barbara,

309 525 392 555 Vere
418 525 488 555 luce
512 534 635 564 gemma
660 525 775 562 nitens,

306 571 354 602 De
382 572 522 603 tenebris
549 572 637 603 sidus
663 573 783 611 lucens,

353 619 402 650 De
428 620 538 659 gentili
565 621 716 660 sanguine

306 715 402 746 Pater
427 724 494 746 eam
524 716 708 757 occultavit,

306 763 383 793 Alta
409 764 488 794 turri
516 763 694 804 collocavit,

354 810 402 841 Ne
421 810 579 842 Christum
607 816 812 851 agnosceret3

305 905 373 936 Rex
401 905 533 937 audiens
560 907 721 945 postulare

307 952 373 984 Sibi
401 954 515 992 coepit,
545 954 764 986 demonstrare

354 1001 602 1031 Pulcherrimani
632 1002 763 1043 faciem3

261 1120 267 1127 .
303 1096 806 1136 QuammoxCliristusulceravit‚

302 1143 474 1174 Dioscorus
500 1153 533 1174 se
559 1144 710 1183 turbavit,

349 1191 441 1222 Hanc
468 1191 630 1222 decollatis
656 1193 789 1232 acriter3

904 333 962 366 lb.
997 335 1040 367 Ut
1066 334 1106 365 de
1131 333 1225 374 spina
1251 334 1362 373 prodit
1387 343 1473 374 rosa,

989 382 1154 414 Medicina
1180 381 1350 414 dulcorosa

1044 430 1094 462 Ex
1122 429 1222 461 herba
1247 428 1283 461 fit
1309 439 1429 464 amara.

899 525 961 559 2b.
997 526 1085 562 Orta,
1113 526 1203 566 virgo
1228 526 1386 568 speciosa,

997 573 1175 605 Virtutibus
1202 574 1355 613 pretiosa,

1041 622 1135 654 Omni
1160 621 1281 662 absque
1307 622 1451 655 crimine.

899 716 960 749 sb.
997 717 1082 748 Rore
1107 717 1188 749 caeli
1214 718 1317 750 imber
1343 719 1455 760 stillat,

992 765 1140 797 Membra
1166 767 1274 797 cordis
1300 765 1470 809 refocillat,

1042 813 1131 852 Quod
1140 813 1333 854 baptismum
1344 819 1501 855 posceret.

895 908 957 941 4b.
994 909 1116 940 Parens
1143 909 1210 940 eius
1235 909 1420 951 Dioscorus,

990 957 1088 996 Regis
1113 962 1244 996 satrapa
1271 958 1417 999 decorus,

1038 1004 1143 1035 Mutat
1171 1005 1276 1037 vultus
1301 1006 1414 1039 aciem.

893 1098 954 1130 5b.
990 1098 1083 1130 Felix
1110 1100 1199 1140 virgo
1225 1109 1258 1131 es
1286 1110 1356 1132 cum
1383 1110 1469 1142 rege,

988 1147 1175 1185 Postularis‚
1202 1152 1235 1178 tu
1262 1158 1318 1180 nos
1346 1158 1420 1189 rege

1035 1194 1151 1226 Servos
1177 1204 1294 1227 sanans
1320 1197 1447 1237 iugiter.

258 1285 339 1311 Miss.
362 1294 412 1310 ms.
436 1285 561 1312 Sanctae
583 1286 715 1313 Coronae
737 1287 806 1312 anni
830 1285 911 1314 1498.
934 1288 1003 1315 Cod.
1026 1288 1150 1324 Pragen.
1174 1290 1232 1317 XII
1254 1291 1276 1318 C
1297 1289 1324 1318 6.
1348 1305 1383 1310 —
1405 1291 1458 1324 5b,
1483 1293 1495 1320 1

182 1331 245 1348 cum
267 1326 311 1349 est
332 1332 408 1358 rege.
429 1337 466 1341 —
487 1323 540 1355 5b,
561 1322 579 1350 2
600 1324 764 1350 Postularis
786 1333 868 1352 mnas
891 1334 973 1361 euge.

617 1454 662 1485 69.
705 1454 746 1485 De
768 1458 878 1486 sancta
899 1456 1050 1487 Barbara.

300 1543 421 1575 Psallat
449 1543 562 1574 chorus
590 1543 782 1575 laetabundo

298 1591 370 1631 Ore,
399 1599 484 1627 voce.
513 1592 609 1622 corde
634 1592 752 1623 mundo

345 1639 472 1670 Laudes
498 1648 608 1670 sacrae
634 1639 759 1679 virgini,

296 1733 388 1764 Hanc
414 1734 557 1772 attraxit,
584 1734 666 1765 hanc
691 1734 802 1765 allexit

296 1781 404 1812 Virtus
430 1782 553 1819 summi,
581 1782 655 1813 dum
680 1782 802 1813 invexit

342 1829 420 1860 Eius
448 1829 521 1860 divo
547 1830 684 1869 spiritui,

295 1971 450 2003 Aboleret
475 1981 513 2003 ac
540 1973 663 2004 doleret

293 2018 450 2051 Profanos
476 2021 563 2058 deos,
592 2021 711 2051 coleret

341 2067 425 2105 Quos
450 2072 542 2107 pater
567 2068 750 2100 Dioscorus.

294 2162 388 2194 Turri
415 2163 520 2195 vultus
547 2164 735 2204 elegantiam

292 2210 340 2242 Ob
366 2210 441 2243 fidei
469 2213 679 2244 constantiam

341 2260 438 2291 Pater
462 2269 555 2300 quam
581 2260 766 2299 iucluserat,

295 2353 393 2387 Pater
419 2356 486 2387 eius
513 2355 640 2388 fervens
667 2357 715 2388 ira

294 2404 399 2443 Ipsam
423 2413 526 2444 poena
551 2405 643 2444 punit
670 2405 751 2446 dira,

336 2451 496 2492 Sanctam,
517 2462 639 2485 sacram
657 2453 832 2496 virginem3

889 1546 905 1577 1
920 1544 950 1579 b.
987 1547 1086 1585 Quam
1108 1547 1232 1590 ditavit,
1261 1558 1354 1588 quam
1375 1551 1496 1582 amavit

982 1593 1080 1631 Deus.
1107 1595 1209 1634 ipsam
1236 1599 1364 1636 quando
1391 1598 1471 1629 lavit

1031 1642 1152 1674 Cruore
1177 1644 1226 1675 sui
1252 1644 1321 1677 filii.

885 1736 950 1769 2b.
981 1737 1025 1769 Ut
1060 1736 1179 1769 tutaret
1210 1739 1363 1771 mundum
1397 1741 1492 1773 istum

981 1785 1118 1824 Propter
1183 1795 1333 1826 sponsum
1403 1798 1492 1821 suurn

1263 1835 1422 1868 Christum

1027 1881 1135 1920 Atque
1161 1891 1295 1922 pompas
1322 1885 1443 1916 saeculi

885 1975 948 2007 3b.
983 1975 1139 2008 Inclinata
1166 1977 1255 2017 virgo
1281 1984 1387 2011 mente

981 2023 1108 2055 Christo
1131 2030 1225 2064 paret
1251 2027 1298 2058 sic
1324 2034 1457 2068 repente

1028 2072 1136 2104 Mores
1163 2074 1269 2106 colens
1300 2077 1446 2111 caelitus.

883 2166 946 2201 4b.
983 2167 1068 2199 Deos
1095 2178 1193 2200 vanos
1220 2171 1394 2204 detestavit

977 2215 1020 2247 Et
1046 2217 1133 2256 ipsos
1158 2219 1358 2262 annihilavit,

1024 2265 1108 2304 Quos
1134 2271 1229 2305 pater
1255 2268 1408 2304 coluerat.

888 2362 907 2392 5
918 2358 948 2391 b.
983 2360 1043 2400 Qui
1057 2365 1129 2400 post
1140 2361 1265 2402 longam
1277 2364 1324 2395 sic
1334 2367 1491 2399 torturam

982 2407 1240 2451 Virginalemque
1266 2421 1450 2452 pressuram

1027 2456 1124 2489 Suum
1146 2458 1276 2492 vibrans
1295 2470 1491 2506 mucronem,
