1655 2713
225 267 286 297 5a.

226 457 285 488 63.

225 646 282 679 73.

222 836 281 868 Sa.

222 1026 287 1058 9a.

198 1217 242 1248 10
255 1223 282 1247 a.

199 1405 239 1436 11
257 1413 284 1436 a.

199 1594 240 1626 12
254 1603 282 1626 3.

201 1784 243 1816 13
260 1793 287 1814 3.

201 1974 286 2007 143.

203 2165 291 2198 153.

205 2355 288 2388 163.

729 166 988 200 -326—

323 265 507 297 Mundiales
533 262 611 303 fugit
638 262 749 304 fastus,

321 313 442 345 Mundi
470 311 547 351 fugit
574 314 746 351 apparatus

373 360 487 400 Spreta
510 359 619 390 mundi
645 359 768 402 militia,

325 456 407 486 Dum
434 455 538 494 agitur
563 455 685 492 electio,

329 503 512 542 Loquuntur
540 503 578 533 de
607 503 789 541 Laurentio,

371 550 475 582 Fama
501 549 558 581 fuit
585 551 769 590 notissima3

317 645 458 684 Fragrat
483 645 563 677 odor
588 646 669 677 sicut
693 649 826 686 myrtus,

324 694 447 725 Famae
474 691 571 733 fulget
598 694 678 725 mira
703 695 814 733 virtus,

372 741 452 771 Dum
473 741 601 779 gerebat
621 742 843 781 candidatum3

320 836 496 874 Episcopus
524 841 569 866 est
596 837 724 872 electus⁴¹

326 883 422 914 Nullo
450 888 552 914 tamen
580 889 627 914 est
653 885 756 918 elatus

373 929 511 961 Honoris
538 930 673 971 fastigio.

320 1025 429 1056 Plebis
455 1034 532 1056 aura
559 1025 693 1057 favorali

325 1072 403 1103 Cum
431 1073 568 1104 clamore
594 1074 741 1112 populari

373 1120 582 1151 Adclamatur
607 1123 750 1161 egregi03

318 1215 510 1246 Moderator
537 1220 581 1245 est
608 1216 711 1254 ovilis,

322 1263 431 1292 Verus
458 1267 561 1293 custos
587 1263 646 1294 Dei
673 1266 786 1304 gregis,

369 1310 482 1340 Curam
510 1319 622 1349 gerens
647 1312 769 1350 ovium3

317 1404 393 1435 Cum
420 1413 534 1444 genere
560 1406 601 1436 sit
627 1407 755 1446 regalis,

322 1451 377 1482 Est
407 1452 516 1482 ovibus
543 1453 680 1494 socialis,

365 1499 461 1530 Nullo
488 1500 587 1531 elatus
615 1500 752 1543 honore3

317 1595 420 1626 Intrat
444 1596 594 1634 templum
615 1597 677 1627 cito
696 1597 822 1638 stultns,

318 1641 530 1674 Conturbatus
556 1648 590 1674 ut
615 1644 763 1682 insanus3

354 1690 443 1721 Tunc
452 1691 609 1729 percussit
620 1691 702 1722 hunc
712 1691 849 1733 flagello,

321 1784 496 1823 Lympham
524 1786 605 1824 petit
630 1786 690 1817 sibi
715 1788 796 1828 dari,

324 1831 436 1862 Statim
462 1833 589 1864 videtur
614 1836 720 1866 sanari

369 1879 465 1911 Nullo
491 1889 581 1912 sacro
606 1881 797 1926 intermisso,

316 1974 491 2006 Daemonia
517 1977 754 2017 comprimebat,

319 2022 531 2062 Aegrotantes
556 2033 628 2055 mox
655 2026 797 2068 curabat,

367 2069 524 2102 Sanitates
551 2071 752 2115 conferebat;

318 2165 536 2205 Quinquennio
570 2171 633 2199 stat
658 2168 690 2200 iu
716 2169 808 2202 busto

319 2213 379 2251 Qui
401 2213 521 2246 latebat
546 2215 578 2246 in
603 2221 746 2259 angusto,

354 2261 466 2293 Manet
476 2271 591 2303 corpus
601 2264 818 2305 incorruptum

813 2196 819 2211 7

315 2356 367 2387 Ad
394 2359 573 2398 sepulcrum
599 2359 784 2401 confugiunt

318 2404 363 2436 Et
387 2405 626 2446 languescentes
652 2409 770 2441 adeunt

364 2453 574 2493 Requirentes
599 2457 772 2497 auxilium3

915 263 976 298 5b.

913 455 974 488 fib.

914 646 971 679 7b.

915 838 975 871 8b.

912 1029 972 1061 9b.

890 1220 931 1250 10
944 1219 973 1250 b.

885 1408 922 1440 11
940 1408 970 1442 b.

885 1600 968 1634 12b.

887 1791 927 1823 13
939 1790 969 1824 b.

883 1982 927 2014 14
937 1982 967 2015 b.

881 2173 923 2206 15
936 2173 967 2206 b.

884 2365 926 2398 16
938 2366 968 2398 b.

1006 263 1049 295 Et
1074 263 1210 296 honores
1237 263 1387 305 fugitivos

1013 312 1057 344 Et
1082 310 1209 343 favores
1235 312 1388 354 plebeios,

1059 359 1188 400 Spernit
1214 360 1299 393 vitae
1325 360 1444 394 felicia.

1007 455 1107 488 Fama
1133 456 1218 488 volat
1245 458 1348 489 sancti
1374 457 1446 496 viri,

1007 504 1066 542 Qui
1103 505 1261 536 consentit
1289 509 1365 537 tunc
1390 506 1514 548 honori,

1056 552 1119 584 Res
1131 556 1177 583 est
1189 554 1310 584 cunctis
1320 554 1513 593 gratissima.

1005 647 1165 679 Summum
1193 657 1261 679 esse
1287 649 1488 682 sacerdotem

1004 695 1072 727 Nec
1096 696 1235 736 regalem
1263 697 1450 737 dignitatem

1050 743 1118 774 Nec
1135 744 1267 775 ambivit
1282 746 1512 785 principatum.

1007 839 1170 878 Quondam
1201 844 1291 871 coetu
1318 841 1460 873 clericali

1007 887 1132 918 Primus
1158 891 1227 919 erat
1252 889 1284 919 in
1312 889 1411 929 regali

1054 933 1203 967 Nutritus
1229 936 1359 976 palatio.

1001 1030 1239 1069 consequenter
1265 1037 1311 1062 est
1338 1036 1487 1071 mutatus⁷

1006 1078 1168 1109 Potestate
1195 1078 1384 1110 sublimatus

1054 1125 1154 1156 Felici
1182 1128 1381 1160 commercio.

1005 1219 1063 1250 Est
1092 1221 1121 1251 in
1151 1221 1251 1252 sacris
1277 1223 1433 1263 eruditus,

1007 1267 1181 1299 Sanctitate
1207 1269 1396 1302 sublimatus

1054 1316 1115 1347 Pro
1142 1317 1246 1347 salute
1271 1319 1421 1352 omnium.

1003 1410 1079 1441 Cum
1098 1411 1138 1441 sit
1154 1412 1287 1452 primus,
1315 1413 1351 1444 fit
1367 1414 1508 1454 ultimus,

1001 1457 1060 1488 Est
1081 1467 1149 1489 cum
1168 1469 1263 1500 grege
1283 1467 1508 1505 commoratus,

1049 1506 1144 1544 Quasi
1172 1517 1251 1538 unus
1277 1508 1313 1539 fit
1340 1509 1379 1540 de
1401 1519 1506 1550 grege.

1001 1600 1171 1633 Sollemnia
1199 1603 1272 1634 dum
1299 1609 1417 1644 ageret⁷

1000 1648 1044 1679 Et
1069 1649 1166 1681 letale
1191 1651 1305 1683 vulnus
1330 1652 1429 1684 infert

1024 1696 1103 1727 Toto
1129 1698 1265 1730 mirante
1292 1701 1421 1740 populo.

1003 1791 1195 1832 Obsequium
1221 1795 1267 1826 sic
1294 1797 1458 1836 aequalem

1000 1839 1200 1880 Martyribus
1227 1844 1345 1874 sanctis
1371 1854 1482 1884 parem

1025 1887 1166 1920 Credens
1191 1898 1226 1922 se
1244 1895 1410 1930 praestare
1427 1893 1508 1926 Deo.

999 1982 1132 2015 Fluctus
1156 1987 1253 2017 maris
1273 1989 1507 2030 compescebat,

998 2031 1179 2064 Virtutibus
1206 2035 1405 2076 coruscabat,

1025 2078 1114 2111 Haec
1135 2082 1285 2121 precibus
1303 2084 1508 2124 impetrabat.

1000 2175 1067 2206 Nec
1101 2177 1238 2210 solutum
1264 2183 1312 2211 est
1337 2180 1503 2226 iuncturis,

998 2222 1137 2264 Fragrat,
1159 2226 1240 2258 odor
1263 2228 1345 2260 sicut
1370 2230 1470 2271 turis3

1048 2271 1181 2305 Factum
1207 2275 1293 2308 istud
1315 2277 1506 2313 inauditum.

1002 2367 1122 2401 Caecus
1147 2370 1244 2410 videt,
1271 2374 1387 2406 surdus
1404 2375 1508 2412 audit.

1000 2415 1111 2448 Mutus
1126 2416 1222 2459 fatur,
1245 2421 1385 2462 linguam
1399 2424 1507 2466 solvit,

1050 2464 1287 2508 Consequentes
1319 2471 1509 2507 remedium.
