1655 2713
736 183 996 218 —146—

236 286 294 317 5a.
327 284 412 316 Laus
437 287 616 315 sanctorum
639 281 801 322 panditur,

330 332 411 363 Dum
440 330 567 362 morbus
593 329 775 369 expellitur,

328 380 371 411 Et
398 378 484 410 frons
511 378 650 409 nondum
676 377 791 408 sinitur

375 427 455 458 Esse
481 434 593 465 caeca3

234 504 294 534 6a.
325 501 513 533 Sanctorum
539 509 667 532 munera

328 549 434 581 Poscit
457 549 621 580 innumera

375 596 489 627 Sanari
515 596 624 627 volens

422 653 499 683 gens
524 644 650 677 misera.

922 279 983 313 5b.
1015 280 1116 318 Mors,
1143 279 1288 318 languor,
1316 277 1479 318 debilitas,

1014 326 1233 359 Membrorum
1255 326 1402 365 ariditas,

1017 374 1196 407 Comitatur
1220 374 1359 414 sospitas

1064 423 1151 455 Haec
1176 422 1355 463 praedicta.

921 499 985 532 6b.
1015 500 1043 531 A
1072 503 1174 531 morte
1201 499 1314 539 libera,

1018 547 1156 589 Christe,
1183 556 1242 579 nos
1268 547 1375 586 effera,

1067 595 1166 636 Virgo
1192 603 1285 635 quern
1312 594 1395 626 fudit

1114 651 1284 683 puerpera.

283 719 370 746 Brev.
394 719 545 746 Locliense
573 720 641 755 imp.
663 720 833 747 Turonibus
856 718 938 746 1556.
960 733 996 737 —-
1017 719 1187 746 Wiederum
1209 720 1239 746 in
1260 719 1312 746 der
1334 719 1455 746 Messe
1477 718 1529 745 der

212 758 350 792 lleiligen
377 757 436 784 und
464 759 516 784 mit
542 758 592 784 der
620 757 747 784 Melodie
778 757 1097 792 „Laetabundus“,
1127 759 1181 784 wie
1209 757 1256 784 die
1286 756 1527 793 vorhergeheude

211 792 352 831 Sequenz.
393 795 483 823 lleide
505 796 570 822 sind
592 796 749 823 scheinbar
770 805 828 823 von
849 794 1019 823 demselhen
1040 796 1171 823 Dichter.

622 918 680 948 156.
723 918 763 948 De
785 919 893 948 saneto
915 917 1110 955 Hieronymo.

236 998 292 1029 la.
326 994 517 1035 Iucundare.
545 997 629 1036 Sion,

377 1045 518 1081 canticis.

330 1092 442 1122 Inclita
470 1096 512 1133 tu,
541 1093 704 1134 mystici53

330 1139 432 1170 Huius
458 1144 490 1170 te
516 1141 617 1171 sancti
645 1141 774 1172 decorat

376 1188 568 1226 praesentia.

235 1264 295 1294 221.
325 1259 391 1295 Hie
418 1266 464 1293 cst
492 1263 721 1304 stridonensis,

331 1310 426 1341 Cuius
453 1311 559 1350 lingua
586 1312 671 1343 velut
698 1313 781 1344 ensis

377 1357 617 1389 Haereticorum
646 1360 761 1391 scindit

428 1406 606 1445 perfidiam.

240 1482 300 1514 3a.
330 1477 410 1513 Nam
437 1487 550 1512 eventu
577 1482 637 1513 sibi
665 1483 806 1522 contigit,

333 1528 524 1560 Muliebrem
551 1530 624 1569 quia
650 1531 751 1562 induit

380 1576 527 1617 Vestem3
554 1579 741 1609 matutinum
769 1579 814 1610 sic

421 1624 512 1658 adiit.

238 1700 298 1730 43.
331 1696 509 1739 Egreditur
535 1701 579 1731 sic
604 1706 747 1743 conatuS‚

334 1746 427 1777 Velut
454 1747 510 1778 bos
536 1752 679 1780 sensatus

378 1794 539 1832 Quaerens
565 1805 741 1837 praesaepe

423 1841 561 1875 Domini.

233 1918 290 1949 5a.
324 1915 425 1949 Vultu
452 1927 508 1950 nos
534 1919 670 1960 benigno

374 1974 508 2006 respice,

328 2013 503 2053 Ieronyme‚
532 2014 644 2047 doctor
669 2017 788 2056 inclite,

327 2060 554 2093 Ciceronianus
583 2064 637 2103 qui
663 2064 834 2105 dicebaris,
866 2094 869 2095 γ

374 2108 452 2140 hora
477 2110 509 2141 in

421 2157 541 2197 agonis.

230 2234 290 2265 (5a.
323 2229 438 2265 Libere
464 2236 539 2264 tunc
564 2235 722 2274 spondisti

327 2279 484 2312 Lecturae
511 2291 668 2322 nunquam
694 2284 749 2316 isti

323 2327 520 2371 Adhaerere‚

329 2376 393 2408 Sed
419 2377 598 2417 scripturae
624 2387 719 2412 verae

377 2425 521 2457 Dilatare

422 2474 585 2514 mysteria.

922 998 980 1030 lb.
1013 996 1095 1031 Ovat
1122 999 1195 1030 hinc
1221 999 1309 1030 curia

1063 1047 1233 1086 caelorum,

1017 1094 1080 1126 Sed
1108 1093 1190 1126 furia
1217 1095 1438 1126 Hebraeorum

1015 1141 1155 1172 Miratur
1181 1151 1219 1173 ex
1244 1143 1432 1182 interpretis

1063 1190 1207 1224 scientia,

921 1265 983 1298 2b.
1014 1263 1165 1298 Auctoris
1191 1267 1293 1306 gratia

1017 1313 1095 1344 Eius
1122 1314 1251 1345 roborat
1279 1315 1480 1354 praecordia,

1066 1361 1107 1393 Ut
1144 1361 1278 1393 fratrum
1310 1363 1527 1403 parvipendat

1113 1409 1314 1442 calumniam.

922 1487 940 1516 :3
954 1484 984 1517 b.
1016 1481 1178 1525 Numquid
1208 1487 1359 1518 Venereis
1388 1487 1501 1519 beatus

1018 1533 1075 1565 Vir
1101 1534 1226 1565 actibus
1252 1534 1469 1574 deturpatus?

1064 1581 1127 1613 Sed
1154 1582 1199 1612 sic
1226 1587 1358 1614 vexatus
1387 1583 1489 1616 Roma

1111 1629 1200 1662 abiit.

921 1703 985 1738 4b.
1017 1702 1065 1737 Sit
1092 1706 1182 1737 nobis
1208 1711 1241 1738 ut
1268 1709 1374 1747 portio

1016 1753 1084 1785 Tuo
1110 1762 1179 1785 cum
1207 1757 1378 1799 consortio,

1064 1802 1193 1833 Interne
1219 1812 1388 1843 precamur

1111 1849 1236 1890 singuli.

919 1923 980 1957 5b.
1012 1923 1095 1958 Olim
1124 1927 1197 1958 dum
1224 1928 1377 1961 tribunali

1063 1976 1289 2014 praesentaris.

1017 2021 1121 2053 ludici
1158 2032 1227 2054 cum
1263 2034 1407 2058 maerore
1436 2025 1527 2067 faris,

1017 2069 1173 2101 Iniustum
1199 2075 1231 2103 te
1257 2075 1386 2106 testaris

1063 2122 1196 2159 propter
1221 2121 1348 2152 codices

1113 2166 1264 2201 Platonis

920 2240 940 2272 6
952 2239 981 2273 b.
1014 2238 1271 2276 Fundamentum
1297 2247 1387 2286 capis

1015 2289 1196 2330 Christum,
1223 2293 1300 2332 qui,
1328 2295 1403 2327 dum
1429 2298 1527 2338 sapis,

1015 2338 1253 2372 Testamentum
1280 2346 1449 2377 vetustatis

1018 2385 1095 2418 Tuis
1122 2387 1279 2421 transfers
1306 2394 1449 2432 cognatis

1061 2433 1214 2468 Manente

1112 2485 1256 2520 materia.
