1655 2713
663 176 924 211 —159—

397 274 429 305 5.
457 273 545 312 Quae
571 273 699 314 peperit
725 273 806 305 caeli
830 272 954 311 florem,

458 321 562 352 Huius
588 321 699 353 mundi
725 322 962 361 redemptorem

458 369 569 409 Ipsum
595 378 702 410 regem
720 369 915 409 angelorum.

399 469 431 502 6.
459 469 510 500 Tu
536 477 606 500 cum
633 470 767 510 coniuge
793 471 825 500 et
848 471 925 500 nata
948 468 1085 509 supplex
1109 476 1168 508 pro
1195 466 1287 498 nobis
1315 475 1382 505 ora,

455 516 500 549 Ut
525 517 558 548 in
585 520 714 549 nostrae
739 516 850 548 mortis
878 516 957 548 hora

455 564 645 597 Praesentia
669 565 810 605 gaudere
836 573 1016 595 mereamur
1041 563 1179 595 omnium
1209 567 1402 594 vestrorum.

200 662 307 689 Officia
329 672 368 689 ss.
390 665 512 698 Annae,
536 665 677 698 Ioachim,
698 664 806 699 loseph
828 666 898 699 imp.
920 675 942 690 s.
966 664 984 690 l.
1007 667 1034 690 et
1056 672 1080 690 a.
1103 664 1195 695 (Hain
1217 661 1311 691 8745).
1334 677 1371 680 ——
1393 660 1418 693 2,
1442 662 1460 688 2

122 703 152 726 et
181 708 199 727 a
220 702 333 728 mortis.
357 716 391 720 -—
416 703 458 729 Zu
480 703 667 739 vergleiehen
691 704 730 730 ist
752 703 800 729 die
821 705 956 738 Sequcnz
977 702 1019 736 „0
1048 703 1135 729 lesu
1163 699 1340 736 be11igne“
1363 700 1460 731 (Anal.

126 739 231 773 Hyinu.
254 739 349 771 XLII,
376 741 427 767 Nr.
454 739 498 775 4);
525 743 581 768 wie
604 742 685 772 ἀοι-ι,
713 750 746 768 so
774 740 847 768 fehlt
875 740 950 768 auch
977 741 1042 767 hier
1067 741 1119 767 der
1139 740 1305 775 Rhytlnnus
1327 739 1386 766 und
1409 739 1460 766 der

125 777 359 806 Parallelismus.
395 780 431 806 111
451 779 503 806 der
519 780 624 813 Quelle
647 780 719 806 wird
740 779 820 806 ‹liese
836 780 1010 813 Reimprosa
1027 779 1071 805 als
1090 777 1258 814 „St-quenffl
1279 777 1458 805 bezeichnen

484 920 543 951 172.
588 921 627 951 De
648 921 757 951 sancto
780 920 915 950 {ohanne
938 919 1093 960 Baptista.

601 1012 632 1043 1.
661 1010 734 1050 Eia,
761 1019 882 1042 summe
907 1013 1005 1042 sator.

662 1067 805 1090 carmina

150 1162 210 1195 2a.

153 1313 214 1345 3³.

243 1160 389 1193 Devotae
407 1160 522 1202 plebis,
543 1160 760 1199 obsecramus,

248 1209 282 1241 in
307 1218 518 1249 supernorum
545 1209 655 1240 tabula

245 1312 314 1351 Quo
340 1319 492 1343 resonare

248 1359 431 1400 supplicum
458 1360 567 1400 lingua

249 1408 376 1440 dulcem
415 1411 509 1448 queat
546 1407 764 1446 ha1·monian1;

847 1159 909 1193 2b.
944 1160 1086 1199 Dignare
1113 1159 1233 1190 ascribi
1262 1169 1391 1199 canora,

945 1208 1004 1239 tibi
1031 1208 1149 1249 palam,
1179 1208 1361 1239 clementia.

849 1309 910 1344 3b.
943 1310 1004 1350 Qui
1031 1310 1178 1342 miserari

947 1359 1071 1398 plasma
1099 1359 1272 1398 disponens

949 1406 1143 1438 mirabiliter
1170 1407 1358 1446 longaevam

153 1512 214 1543 43..
247 1510 460 1542 Sterilitatem
850 1507 913 1539 4b.
946 1507 991 1539 Ut
1017 1507 1185 1538 Elisabeth

250 1558 343 1598 prole
368 1557 495 1589 beatam
947 1564 1047 1586 ovans
1073 1555 1217 1594 gigneret

251 1605 435 1638 fecundasti
947 1611 1139 1642 praeconem
1168 1608 1197 1633 et

156 1760 218 1791 5a.

155 2055 217 2089 6a.

159 2305 222 2339 7a.

252 1655 372 1686 virtute
399 1658 464 1695 tua,

249 1757 311 1796 Qui
337 1760 369 1788 te
396 1759 566 1788 venturum
593 1755 635 1787 ad
662 1755 725 1786 ima

252 1805 457 1846 praedicaret

250 1855 284 1886 in
311 1853 432 1886 Iudaea

251 1911 311 1943 per
337 1902 501 1934 desertum

253 1951 401 1992 parando
425 1951 504 1983 vias.

249 2054 282 2087 Is
308 2062 425 2094 agnum
452 2051 515 2084 Dei

253 2103 361 2135 Iesum
387 2100 590 2135 monstravit.

253 2159 347 2192 quem
371 2147 558 2190 (mundum)
586 2146 734 2180 Iordanis

254 2199 434 2240 baptizavit
457 2198 555 2230 unda.

255 2302 349 2336 Unde
374 2301 416 2334 ab

253 2350 390 2385 Herode
415 2351 604 2382 constanter

256 2401 304 2434 sic
329 2397 492 2440 amputari

254 2458 320 2482 non
345 2447 458 2480 metuit

255 2496 423 2538 verticem,
449 2497 485 2526 ut
511 2492 552 2526 ad
580 2489 708 2523 inferna

950 1651 1022 1690 plus
1050 1660 1143 1690 quam
1172 1651 1359 1690 prophet-an

855 1752 917 1786 5b.
951 1752 1098 1792 Namque
1131 1752 1289 1784 Iohannes
1317 1753 1465 1792 Baptista

951 1809 1144 1841 praecursor
1171 1805 1200 1831 et

951 1850 1024 1889 plus
1052 1858 1144 1889 quan]
1175 1848 1335 1889 propheta

953 1902 1085 1930 vocatus
1111 1902 1158 1929 est

951 1946 990 1978 ab
1018 1947 1182 1980 astricola.

857 2048 920 2082 6b.
953 2048 1048 2088 Legis
1076 2047 1227 2079 mandata

953 2097 1092 2136 implens
1118 2096 1223 2127 onmia

955 2144 1081 2176 caelebs
1109 2144 1223 2176 mansit

956 2194 988 2224 in
1015 2193 1246 2233 parcimonia„

860 2295 922 2330 7b.
955 2293 1121 2328 Proferret

956 2343 1120 2376 Christum
1146 2341 1271 2372 venisse
1300 2341 1331 2371 in

961 2399 1056 2423 carne
1083 2390 1197 2427 Deum,
1225 2398 1318 2429 quenl

955 2436 1179 2482 [suppticiter]

960 2492 1066 2519 mente
1093 2495 1243 2528 rogemus
1269 2486 1382 2518 intima
