1655 2713
685 142 924 178 ..39-

159 239 227 272 8³.
258 239 412 282 Angelos,
439 241 651 281 archangelos

299 292 398 328 atque
424 289 626 328 principatus

254 335 389 368 Infimus
416 337 603 368 caelestium

306 384 450 416 continet
476 391 618 417 ornatus.

859 239 925 273 8b.
962 239 1156 275 Potestates‚
1182 236 1331 270 virtutes,

1002 286 1236 318 dominationes

954 334 1138 368 lerarchiae
1163 333 1289 364 mediae

1003 386 1113 415 tenent
1139 382 1330 413 mansiones,

534 487 554 519 8
570 495 596 519 e.
629 486 778 518 Thronos
804 495 891 527 vero,
920 484 1104 523 Cherubim,

680 534 848 574 Seraphim
878 534 972 565 beata.

632 583 797 616 lerarchia.
823 582 967 614 continet

681 631 799 662 ceteris
826 630 984 670 praelata.

163 736 230 768 98.
261 734 403 775 Spiritus
429 733 578 774 angelici,

257 783 397 815 Ordines
423 782 593 813 ierarchici

308 831 402 861 nobis
427 829 663 870 praesidentes,

136 932 182 965 10
197 940 226 964 a.
260 930 321 971 Qui
346 930 439 962 nobis
466 929 624 969 invident,

299 979 389 1011 ¹Sunt
414 977 594 1010 invisibiles

355 1027 398 1059 Et
411 1035 572 1066 nunquam
589 1025 773 1066 dormiunt3

139 1131 183 1164 11
201 1139 232 1163 a.
262 1129 385 1161 Horum
413 1127 559 1168 operatio

261 1177 398 1217 Triplex
425 1180 474 1208 est
500 1175 651 1216 purgatio

142 1281 187 1314 12
203 1289 232 1314 a.
264 1278 325 1311 His
351 1277 594 1319 operationibus

266 1327 471 1367 Impenditur
496 1325 685 1357 mortalibus

313 1375 506 1408 Caelestium
534 1373 724 1412 communio,

143 1477 188 1510 13
203 1486 234 1510 a.
266 1476 355 1509 Ordo
380 1475 624 1516 archangelicus

263 1524 400 1565 Angelis
425 1523 574 1562 lut-itlius,

315 1572 376 1605 His
403 1577 435 1603 et
461 1571 525 1602 illis
552 1570 754 1610 principatus

317 1621 355 1652 ln
375 1620 516 1652 divinum
537 1619 613 1650 dant
634 1619 780 1651 ducatus.

146 1724 192 1757 14
205 1732 234 1755 a.
266 1723 433 1763 Imperant
461 1720 644 1753 sublimiter

315 1770 561 1806 dominationes,

264 1819 388 1852 Throni
414 1823 525 1859 patent
554 1817 662 1849 deicas

312 1868 354 1900 ad
380 1866 610 1909 susceptiones

143 1971 187 2005 15
202 1980 233 2004 a.
265 1970 384 2004 Omnes
409 1968 647 2009 supersimplici

311 2018 400 2050 Luce
426 2016 676 2058 perfunduntur,

143 2123 234 2156 1621.
265 2121 393 2154 Virtute
418 2121 486 2161 ple-

310 2170 345 2203 ni
369 2168 555 2209 vinatifica,

141 2273 185 2307 17
200 2281 232 2306 a.
262 2272 299 2305 In
328 2271 472 2304 divinum
497 2270 616 2312 singuli

313 2321 436 2353 ducunt
461 2324 495 2352 et
520 2320 692 2352 ducuntur.

141 2419 230 2453 182.
262 2418 318 2461 Et,
344 2417 502 2459 quidquid
528 2415 659 2448 luminis

308 2466 406 2500 habet
431 2464 579 2505 inferior,

862 731 882 764 9
898 730 930 764 b.
962 730 1030 762 Nos
1054 729 1095 761 ab
1119 727 1334 760 infernalibus

961 779 1137 817 Protegant
1163 776 1331 816 spiritibus

1011 824 1160 865 Singulos
1186 830 1362 855 monentes.

837 927 881 960 10
897 926 928 961 b.
959 926 1019 966 Qui
1046 925 1139 957 nobis
1165 925 1349 964 provi-lent,

1004 974 1126 1016 Iugiter
1153 973 1264 1013 vigiles

1052 1024 1176 1055 cuncta
1201 1020 1414 1061 prospiciunt.

963 1125 1005 1156 Et
1030 1123 1225 1155 illuminatio

959 1173 985 1204 T
989 1180 1130 1212 ernaqne
1153 1170 1321 1211 perfectio.

841 1125 881 1158 11
899 1125 932 1157 b.

840 1274 884 1309 12
900 1274 930 1306 b.
963 1275 1047 1307 Dum
1083 1273 1254 1306 candidam
1284 1272 1473 1302 munditiam

961 1323 1001 1354 Et
1030 1321 1186 1362 fulgidam
1213 1322 1367 1352 iustitiam

1011 1371 1079 1403 Deo
1106 1370 1208 1411 iungit
1235 1368 1402 1409 persea-tio.

962 1471 1144 1503 Potestates
1171 1470 1320 1501 subditos

1009 1520 1169 1552 Ordinant
1195 1524 1338 1559 venuste,

961 1568 1104 1599 Virtutes
1131 1567 1292 1606 excipiunt

1009 1616 1130 1648 Radios
1157 1615 1298 1648 robuste.

840 1473 884 1506 13
898 1472 930 1506 b.

841 1719 885 1752 14
901 1718 934 1752 b.
966 1718 1141 1758 Perspicax
1169 1717 1360 1749 cherubicus

1008 1767 1089 1798 ordo
1115 1767 1297 1805 contempla
1315 1776 1353 1796 ur

959 1815 1158 1854 Flammiger
1183 1815 1371 1854 serapim-us

1009 1873 1161 1904 sponsum
1189 1864 1400 1903 ampli-xatur.

841 1967 884 2000 15
901 1966 932 2001 b.
967 1966 1030 1999 Sed
1059 1966 1162 2006 ipsam
1189 1965 1361 2004 multiplici

1010 2014 1122 2047 Gradu
1148 2014 1327 2054 potiuntur.

841 2118 885 2151 16
899 2117 931 2153 b.
965 2117 1114 2150 Ordinati

1010 2165 1081 2206 lege
1108 2165 1301 2198 ierarchica.

840 2268 883 2302 17
899 2267 932 2302 b.
966 2266 1057 2299 Infra
1085 2275 1119 2298 se
1147 2266 1312 2305 dispositis

1008 2324 1119 2347 omncs
1145 2313 1386 2355 praeferuntur,

843 2413 887 2447 18
902 2413 934 2447 b.
966 2412 1057 2445 Idem
1084 2409 1262 2451 perfectius

1011 2460 1111 2492 habet
1135 2459 1292 2500 superior.
