1655 2713
734 153 971 188 -42-

218 253 276 287 2a.
313 253 407 284 Anna
433 252 520 292 parit
545 256 611 284 tres
637 252 769 293 Manes,
909 249 972 285 2b.
1008 250 1140 289 virgam
1158 247 1268 281 florem
1285 247 1519 289 producturam

314 301 451 341 Quarum
479 300 613 340 primam
641 300 741 331 Isaias
1005 297 1232 337 Virginemque
1257 296 1436 338 parituram

363 348 529 382 Praedixit
555 348 709 380 divinitus
1053 345 1145 378 Dono
1171 346 1275 377 sancti
1301 344 1446 385 spiritus.

218 464 278 495 3a.
314 462 402 494 Haec
428 459 506 505 [est]
534 461 625 492 radix
643 462 738 492 Anna
755 459 819 500 pia,
906 459 969 493 3b.
1004 459 1110 500 Digna
1136 459 1231 492 radix
1258 463 1305 491 est
1332 458 1466 501 honore,

316 510 413 549 Virga
440 508 556 540 florens
583 513 627 539 est
656 508 771 546 Maria,
1001 507 1097 540 Cuius
1121 508 1212 548 virga
1238 507 1296 540 tali
1323 506 1403 539 flore

362 557 508 590 Christus
534 560 580 587 est
604 555 661 587 fios
679 556 819 590 inclitus.
1049 555 1258 588 Fecundatur
1284 555 1434 588 caelitus.

213 673 273 703 4a.
309 673 403 703 Anna
429 670 554 702 stellam
581 671 780 711 matutinam,
904 670 967 705 4b.
1001 671 1077 711 Ipsa
1101 679 1177 703 vere
1200 671 1263 702 iam
1289 671 1440 710 laetatur,
1476 668 1481 673 “

309 719 440 750 Stellam
467 719 564 750 maris
590 723 621 749 et
649 719 788 758 reginam
999 719 1080 759 Quia
1106 718 1209 751 Deum
1236 719 1483 759 contemplatur

361 767 490 806 Peperit
516 767 715 798 clementiae.
1048 767 1204 799 Revelato,
1229 766 1322 800 facie.

213 883 272 913 5³.
310 881 414 921 Salve7
434 885 536 912 mater
554 881 665 913 matris
685 881 816 921 Christi,
903 880 966 914 5b.
1002 883 1069 914 Iter
1095 881 1187 914 nobis
1213 886 1344 922 praesta
1369 885 1489 924 tutum,

307 929 393 967 Quae
419 929 480 960 iam
506 928 582 960 felix
603 929 815 961 conscendisti
998 930 1044 963 Ut
1068 929 1100 960 in
1128 929 1256 961 Domini
1284 931 1437 961 virtutum

356 976 498 1008 lubilans
524 977 565 1008 ad
592 977 733 1009 aethera.
1047 977 1248 1011 collocemur
1272 978 1416 1012 dextera.

261 1090 343 1117 Miss.
366 1091 587 1118 Lnbicense
608 1092 678 1126 imp.
702 1091 837 1118 Lubecae
863 1089 943 1118 1486.
965 1106 1003 1110 —
1023 1090 1076 1125 4a,
1100 1090 1113 1118 1
1138 1091 1224 1119 stella
1245 1093 1400 1119 matutina.

653 1288 700 1319 38.
744 1289 786 1320 De
808 1290 918 1320 sancta
938 1289 1036 1320 Anna.

591 1408 619 1439 1.
661 1407 766 1445 Salve,
792 1408 886 1439 Anna
912 1407 1106 1445 veneranda,

656 1455 755 1486 Recte
779 1456 873 1487 Anna
899 1455 1126 1496 nuncupanda,

706 1503 793 1541 Quae
819 1503 942 1534 cunctis
969 1512 1002 1534 es
1029 1503 1183 1543 gratiosa.

212 1615 271 1647 2a.
306 1614 358 1646 Ab
384 1619 514 1647 aeterno
540 1616 723 1655 praeelecta
903 1617 966 1650 2b.
1000 1617 1051 1649 Ex
1078 1622 1110 1648 te
1136 1623 1212 1650 nata
1237 1619 1332 1650 stella
1360 1619 1469 1656 maris,

307 1662 348 1694 Et
375 1672 393 1694 a
420 1672 526 1703 regum
550 1664 651 1703 stirpe
678 1668 765 1696 secta
997 1666 1097 1706 Virgo
1126 1671 1240 1705 mater,
1268 1675 1384 1708 expers
1410 1667 1514 1708 paris,

352 1711 452 1742 Manu
477 1711 673 1753 sapientiae3
1045 1714 1170 1754 Regina
1196 1715 1395 1750 clementiae.

209 1823 271 1854 3a.
309 1823 334 1855 Ο
365 1833 457 1862 quam
485 1822 573 1863 felix,
601 1835 693 1865 quam
713 1826 817 1866 beata,
903 1829 964 1862 3b.
1001 1828 1085 1860 Huic
1111 1829 1267 1861 accedunt
1297 1830 1390 1863 binae
1416 1834 1518 1864 natae

309 1871 378 1902 Tali
405 1872 495 1911 prole
520 1871 693 1904 fecundata
996 1876 1041 1908 Et
1062 1885 1118 1908 sex
1146 1878 1255 1917 proles
1281 1879 1456 1919 perbeatae

357 1919 478 1951 Parens
505 1920 616 1951 matris
642 1921 784 1960 gratiae:
1047 1923 1125 1956 Cum
1151 1927 1300 1966 praesule
1326 1927 1486 1962 simeone.

212 2033 274 2064 4a.
309 2032 371 2071 En,
398 2033 429 2064 in
450 2034 553 2065 culmo
571 2035 680 2075 plures
698 2036 815 2075 spicae,
901 2038 963 2072 4b.
999 2039 1084 2071 Vere
1111 2041 1214 2072 celsus
1241 2045 1313 2074 tuus
1340 2047 1443 2075 status

307 2081 414 2120 Atque
441 2081 514 2113 vitis
540 2091 578 2113 ex
605 2083 714 2114 radice
996 2087 1040 2119 Et
1066 2088 1237 2121 immensus
1263 2096 1452 2130 potentatus

352 2127 524 2168 Surgentes
558 2134 624 2161 tres
655 2132 815 2170 palmites.
1040 2135 1077 2168 In
1105 2137 1235 2170 caelesti
1263 2139 1362 2174 curia.

206 2244 264 2275 5a.
300 2243 397 2283 Ergo,
424 2244 529 2282 Anna,
557 2248 658 2276 mater
683 2245 749 2285 pia,
897 2248 957 2281 5b.
994 2249 1062 2288 Quo
1088 2250 1134 2282 sic
1161 2260 1231 2284 eum
1259 2262 1464 2297 veneremur,

303 2291 385 2323 Tota
410 2292 512 2332 stirpe
538 2301 607 2324 cum
634 2293 741 2325 Maria
994 2297 1040 2331 Ut
1064 2298 1097 2329 in
1124 2299 1222 2331 caelis
1249 2301 1463 2336 collaetemur

350 2340 454 2371 Iesum
480 2349 537 2372 ora
561 2339 674 2381 filium,
1043 2345 1119 2377 Post
1144 2355 1298 2386 praeseus
1325 2351 1486 2387 exsilium.

262 2453 344 2479 Miss.
365 2462 419 2480 ms.
436 2454 614 2490 Tegurinum
637 2463 712 2483 saec.
730 2453 774 2482 15.
791 2456 863 2484 Clm.
878 2457 1033 2486 Monaeen.
1056 2457 1165 2489 19560.
1189 2475 1223 2480 —
1249 2460 1273 2495 1,
1295 2460 1313 2490 2
1328 2470 1516 2503 nuncupata.
