1655 2713
674 151 933 187 —287—

141 229 181 264 11
195 240 225 265 a.
256 233 400 268 Tandem
427 240 613 274 mandatum
638 246 703 278 tale
725 253 772 280 est

259 281 378 326 datum,
407 291 441 317 ut
468 296 550 327 puer

255 329 289 362 in
316 337 440 366 catasta
466 340 672 377 torqueretur

838 251 923 286 llb.
954 253 1102 297 Tamdiu,
1131 258 1232 290 donec
1257 261 1382 295 viscera

954 303 1157 345 viderentur;
1185 307 1232 339 sic

953 346 1017 395 [in]
1053 354 1173 386 caelum
1203 356 1275 396 pius
1301 358 1462 398 migravit.

463 433 516 466 12.
551 435 597 467 Sit
627 437 705 471 Deo.
737 440 854 475 factori
880 451 1001 482 nostro.

551 488 706 527 potestas⁷
736 490 880 531 victoria,

553 532 663 573 honor,
692 537 762 569 laus
789 545 821 571 et
846 541 947 581 gloria

550 580 582 612 in
609 585 809 619 saeculorum
837 591 977 626 saecula.

205 664 347 702 Sequent.
380 679 432 697 ms.
455 672 484 700 S.
507 674 587 702 Petri
611 678 848 716 salisburgensis
875 694 951 713 saec,
982 686 1015 715 16
1047 690 1203 726 Appendix
1224 694 1307 722 Miss.
1331 697 1456 725 Romani

125 701 197 738 imp.
219 704 356 735 Venetiis
383 707 456 737 1513
476 712 522 741 (In
545 715 623 742 Bibl.
648 717 769 746 Petrina
792 722 995 760 Salisburgeu.
1018 728 1068 754 IV.
1092 730 1140 761 lt).
1166 747 1199 750 -—
1242 731 1293 765 Ga,
1314 736 1331 762 ὅ
1354 737 1455 763 immo-

125 739 235 769 biliter.
260 759 295 763 —
322 745 390 779 lob,
412 747 431 775 4
452 750 598 780 delinivit.
620 769 655 774 ——
682 755 750 787 llb.
774 757 791 785 2
812 761 924 788 videns.
950 780 983 783 —
1006 766 1149 795 Melodie:
1172 770 1348 800 psallite.

593 906 661 938 324.
704 909 745 940 [le
769 916 878 944 sancto
901 915 982 946 vito.

150 994 210 1028 la.
244 997 336 1030 Vitus
361 1010 442 1039 puer
468 1006 555 1044 cupit
582 1007 652 1039 sisti

244 1045 281 1077 In
309 1049 406 1080 caelis
426 1059 494 1083 cum
514 1055 616 1086 servis
635 1055 755 1090 Christi

291 1094 404 1128 Fidem
431 1099 498 1131 eius
525 1103 648 1143 sitiens,

145 1187 204 1221 2³.
237 1188 314 1221 Ylas
341 1201 486 1235 namque,
514 1203 608 1237 pater
633 1201 710 1242 eius

241 1236 363 1271 Suadet
390 1241 449 1281 i11i‚
478 1246 562 1278 malo
590 1249 692 1288 peius,

288 1286 403 1321 Fidem
430 1292 549 1325 Christi
585 1297 748 1342 linquere3

138 1382 197 1413 3a.
230 1383 302 1415 Hoc
328 1387 495 1425 praefecto
521 1395 699 1435 nuntiatur,

236 1431 320 1465 Puer
345 1438 454 1469 statim
480 1439 660 1476 advocatur

277 1481 320 1513 Et
348 1483 388 1516 de
414 1485 478 1518 fide
504 1492 689 1534 quaeritur3

133 1577 197 1609 4a.
231 1580 335 1613 Amor
353 1581 474 1616 Christi
500 1596 636 1626 parvum
663 1592 745 1633 urit3

229 1627 320 1666 Quod
331 1639 400 1662 cum
409 1634 496 1665 novit
504 1644 646 1675 praeses,
656 1638 744 1675 furit.

278 1675 430 1712 Sanctum
467 1682 553 1715 iubet
588 1688 742 1729 caeder03

129 1771 189 1804 5a.
221 1772 326 1806 Domo
358 1778 461 1817 patris
488 1786 552 1812 stat
583 1784 739 1827 inclusus,

225 1821 314 1855 Luce
341 1825 416 1858 diva
443 1827 477 1860 fit
500 1830 662 1874 perfusus,

272 1872 372 1912 Quam
400 1884 470 1908 cum
491 1878 568 1912 Ylas
593 1883 737 1923 respicit,

123 1965 186 2000 62.
220 1968 352 2003 Transit
377 1982 476 2014 mare,
504 1981 539 2008 ut
565 1987 584 2010 a
610 1979 680 2013 Deo

220 2016 276 2050 Fit
300 2028 524 2065 praeceptum,
552 2032 583 2058 et
606 2037 676 2060 cum
697 2039 734 2063 eo

266 2067 448 2114 Modestus,
477 2073 683 2120 Crescentia3

121 2161 139 2193 7
149 2170 180 2194 a.
210 2163 313 2197 Vocat
324 2166 446 2200 Caesar
455 2175 599 2204 sanctum
612 2179 732 2219 natum,

214 2213 274 2253 Qui
303 2223 338 2246 se
363 2216 480 2249 obtulit
506 2227 658 2260 paratum

261 2261 342 2295 Eius
367 2273 485 2298 sanans
510 2267 622 2304 filium.

113 2358 174 2392 8a.
205 2358 292 2394 Inde
315 2362 465 2397 Christus
493 2366 550 2399 hos
577 2370 725 2411 redemit,

210 2409 381 2444 Plumbum
394 2412 523 2448 fervens
534 2425 597 2449 non
606 2419 745 2458 peremit

258 2458 328 2492 Hos
354 2470 414 2494 nec
439 2463 490 2496 leo
517 2466 659 2506 rugiens.

845 1014 906 1047 lb.
939 1017 1082 1058 Septimo
1113 1030 1196 1053 anno
1223 1034 1315 1063 quam
1345 1027 1450 1066 gliscit

938 1065 979 1096 Et
1009 1066 1056 1098 bis
1082 1078 1158 1101 seno
1189 1070 1269 1103 bem¹
1297 1074 1402 1117 discit,

984 1115 1191 1149 Tormentum
1218 1121 1398 1160 perficiens.

839 1206 901 1242 2b.
932 1209 1089 1249 Quantum
1117 1214 1178 1246 sibi
1205 1219 1413 1256 promittebat

932 1259 997 1290 Aut
1026 1265 1166 1294 terrores
1194 1264 1364 1307 inferebat,

980 1307 1051 1340 Non
1080 1311 1207 1344 valebat
1235 1315 1374 1349 vincere.

835 1403 854 1434 3
867 1401 897 1436 b.
931 1404 1090 1438 Constans
1105 1413 1168 1440 stat
1184 1414 1383 1451 respondens
1395 1416 1441 1447 ei:

931 1452 1044 1486 Cultor
1068 1465 1136 1488 sum
1165 1460 1257 1491 unius
1284 1461 1356 1500 Dei,

977 1502 1075 1534 Fides
1103 1515 1164 1537 non
1193 1508 1363 1542 deseritur.

832 1595 893 1629 4b.
930 1599 1033 1631 Huius
1061 1611 1172 1634 manus
1199 1605 1358 1646 aridatur.

928 1647 1029 1679 Prece
1058 1650 1121 1682 Viti
1149 1662 1227 1685 sana
1253 1655 1348 1687 datur

976 1696 1158 1731 Nescientis
1186 1702 1316 1735 laedere

828 1790 891 1824 5b.
927 1792 1132 1828 Excaecatur
1158 1803 1188 1829 et
1217 1800 1386 1842 clamavit3

922 1842 1034 1875 Infans
1064 1845 1166 1877 Deum
1194 1851 1350 1889 exoravit,

971 1892 1059 1924 Patri
1089 1895 1190 1927 visum
1219 1898 1332 1932 reficit.

823 1985 885 2020 6b.
919 1988 982 2020 Per
1015 2000 1093 2030 quos
1120 1992 1207 2025 Deus
1235 1996 1315 2028 mira
1344 1997 1432 2034 fecit.

916 2038 1065 2078 Quosque
1092 2042 1181 2081 pavit
1209 2049 1238 2075 et
1269 2044 1383 2078 refecit

964 2087 1102 2127 Aquilae
1129 2094 1325 2130 praesentia.

822 2180 883 2215 7b.
913 2183 1017 2216 Ferro
1043 2188 1146 2218 sancti
1166 2191 1431 2231 constringuntur

915 2231 959 2264 Et
985 2233 1031 2264 sic
1059 2234 1157 2267 vincti
1185 2238 1396 2272 intruduntur

961 2280 1107 2314 Carceris
1135 2285 1293 2319 exsilium.

809 2375 829 2408 8
843 2375 872 2409 b.
905 2377 1050 2410 Tandem
1062 2385 1190 2413 sanctos
1202 2386 1426 2427 torquetligno

911 2426 1042 2468 Caesar,
1068 2430 1168 2462 multo
1195 2431 1264 2464 viso
1293 2434 1385 2475 signo

959 2503 973 2519 „
982 2476 1057 2517 Vae,
1069 2477 1147 2509 vae“
1160 2479 1276 2513 clamat
1286 2481 1424 2524 fugiens.
