1655 2713
226 395 287 427 la.

221 636 282 666 221.

221 874 280 906 3a.

220 1111 280 1143 4¹22.

225 1348 283 1377 ba.

220 1583 278 1614 6a.

222 1819 278 1852 7a.

217 2058 277 2092 Sa.

218 2297 278 2328 9a.

736 170 778 174 —-
829 149 994 184 336—-

649 303 709 334 351.
752 303 793 334 De
815 305 924 335 sancto
945 302 1081 336 Victore.

318 394 506 426 Admiretur
531 394 696 426 Massilica

322 442 427 480 Plebs,
455 441 570 483 fidelis,
599 443 768 480 catholica,

320 490 411 522 Nova
440 490 630 530 depromens
657 492 782 523 cantica

367 539 404 570 In
430 538 568 570 Victoris
594 540 811 578 praeconium.

315 635 376 666 Res
404 638 452 664 est
477 634 567 665 nobis
594 635 760 677 mirabilis,

317 683 358 719 Is,
379 682 432 721 qui
450 683 609 722 quondam
627 683 824 723 spectabilis,

317 731 435 762 Factus
462 734 509 761 est
537 730 763 770 despicabilis;

363 778 495 809 Factum
522 782 568 809 est
595 779 801 812 exsecrabile.

313 873 337 905 Ο
364 872 476 904 infelix
502 873 657 915 Massilia,

315 921 362 951 Tu
389 920 527 952 infausta
553 930 586 952 es
612 922 727 961 patria,

316 970 352 1000 In
379 973 410 999 te
437 968 521 999 facta
547 969 709 1009 crudelia3

363 1016 491 1047 Patrem
517 1021 603 1047 tuum
631 1017 787 1052 occidisti,

313 1110 422 1141 Scelus
446 1111 531 1142 istud
552 1116 599 1142 est
618 1112 821 1152 horrendum,

316 1157 436 1199 Scelus,
448 1159 588 1199 inquam,
601 1169 662 1190 non
674 1161 842 1192 dicendum

319 1204 387 1235 Nec
412 1206 538 1244 populis
566 1209 788 1245 enarrandum,

362 1253 452 1291 Quod
476 1254 617 1292 patravit
642 1255 797 1288 Massilia.

318 1346 374 1376 Vir
400 1347 531 1386 insignis
557 1352 587 1378 et
613 1349 756 1391 illustris,

315 1393 432 1424 Potens
466 1395 592 1435 mundo,
615 1397 822 1439 percelebris,

314 1442 372 1480 Qui
399 1443 549 1482 pugnavit
578 1445 673 1474 tantis
701 1445 820 1484 lustris,

360 1489 425 1519 Iam
453 1498 582 1521 securus
602 1492 640 1522 de
658 1494 822 1534 praemio,

310 1584 464 1622 Agonista
490 1585 567 1616 nulli
595 1587 720 1626 cedens,

314 1631 350 1661 In
378 1632 499 1669 proelio
524 1638 634 1673 gentes
662 1635 791 1668 domans

317 1678 358 1708 Et
385 1678 512 1711 fortiter
538 1681 653 1713 dextra
676 1692 819 1723 pugnans

360 1725 470 1765 Neque
504 1728 588 1759 cedit
620 1730 652 1761 in
679 1731 818 1764 sinistra.

311 1819 444 1852 Sanctus
466 1823 492 1853 Υ
497 1823 578 1854 ictor
603 1829 650 1856 est
668 1826 814 1868 invictus,

314 1868 373 1906 Qui
399 1878 570 1908 poenarum
596 1873 669 1904 tulit
694 1874 787 1916 ictus,

312 1915 400 1946 Inter
427 1919 535 1949 mundi
564 1924 611 1951 tot
636 1921 801 1955 conflictus

359 1964 549 1997 Admirante
572 1967 728 2002 Massilii.

308 2058 497 2092 Terroribus
523 2071 580 2093 nec
606 2068 772 2098 tormentis

311 2107 526 2140 Conturbatur
559 2115 660 2144 status
694 2116 818 2154 meum,

314 2153 380 2185 Nec
405 2162 549 2190 movetur
577 2159 805 2195 blandimentis

360 2203 485 2236 Perstat
511 2207 543 2237 in
570 2211 758 2245 constantia.

809 2188 816 2203 7

311 2295 398 2330 Pede
424 2303 598 2340 prosternit
623 2308 760 2338 statuam

311 2345 379 2377 Nec
403 2348 550 2381 adoravit
576 2352 704 2394 luteam⁷

313 2393 415 2434 Fugat
441 2397 655 2432 idololatriam

358 2442 435 2475 Cum
461 2446 569 2478 stabili
594 2447 722 2484 fiducia.

894 395 953 428 lb.
988 396 1113 437 Gaude,
1142 396 1254 429 domus
1281 397 1459 436 victorina,

889 635 951 669 2b.

887 876 948 909 3b.

883 1115 945 1148 4b.

884 1353 944 1386 bb.

882 1594 900 1623 (5
913 1591 942 1624 b.

881 2070 943 2104 8b.

878 2311 940 2344 9b.

987 445 1056 477 Tua
1082 443 1220 486 refulget
1247 445 1404 485 doctrina,

988 493 1079 532 Quod
1106 494 1244 526 miratur
1269 494 1428 533 Parisina‚

1033 542 1121 580 Quae
1132 547 1179 573 est
1185 542 1289 581 prima
1298 541 1375 574 urbs
1383 542 1520 575 urbium.

984 637 1088 668 Huius
1114 641 1205 669 tanta
1228 637 1381 669 nobilitas

983 686 1031 717 Ac
1058 686 1137 716 tanti
1165 686 1226 717 viri
1253 685 1398 725 probitas

982 733 1025 764 Et
1051 733 1083 764 in
1109 734 1206 773 gestis
1232 735 1391 774 sagacitas

1030 780 1118 812 Tulit
1144 779 1264 813 factum
1291 782 1449 814 mirabile.

981 876 1053 908 Non
1080 878 1200 909 vereris
1228 882 1440 918 protectorem

980 926 1142 957 Accusare
1167 928 1373 969 sanctiorem,

979 972 1072 1003 Hunc
1099 975 1262 1006 custodem
1289 979 1318 1005 et
1346 980 1482 1006 tutorem

1026 1021 1163 1060 Dignum
1190 1027 1291 1054 morte
1317 1023 1477 1054 iudicasti.

978 1116 1104 1148 Patrem
1130 1127 1219 1148 suum
1247 1120 1473 1151 condemnavit

980 1164 1023 1195 Et
1049 1168 1218 1203 patronum
1243 1167 1397 1198 iudicavit

978 1212 1099 1251 Quique
1124 1213 1234 1244 urbem
1261 1216 1455 1255 expurgavit

1023 1260 1074 1290 Ab
1100 1261 1185 1292 omni
1211 1263 1377 1301 spurcitia.

978 1355 1101 1394 Pugnat
1127 1365 1264 1395 pugnam
1291 1363 1325 1388 ut
1350 1363 1513 1398 expertus,

978 1402 1085 1435 Certat
1113 1408 1232 1435 certum
1260 1415 1321 1437 non
1348 1406 1488 1438 incertus

976 1450 1029 1487 Et,
1053 1451 1105 1490 qui
1124 1452 1286 1484 Christum
1306 1458 1353 1485 est
1372 1458 1510 1497 secutus,

1026 1498 1168 1530 Palmam
1196 1500 1301 1533 defert
1328 1502 1368 1533 de
1386 1502 1508 1537 bravio.

974 1594 1032 1624 Ille
1060 1595 1219 1627 Christum
1246 1598 1426 1640 profitetur,

975 1643 1047 1680 Ipse
1073 1643 1209 1682 palmam
1236 1652 1438 1685 promeretur

974 1689 1041 1720 Nec
1067 1696 1101 1731 ty
1106 1701 1236 1723 rannum
1265 1700 1439 1738 reveretur,

1022 1737 1104 1769 Dum
1124 1740 1289 1772 decertat
1281 1751 1313 1774 1n
1328 1744 1508 1782 palaestra.

973 1833 1049 1864 Post
1068 1839 1112 1866 tot
1131 1837 1252 1877 plagas,
1272 1844 1345 1878 post
1364 1846 1411 1872 tot
1424 1843 1507 1876 ictus

974 1881 1151 1914 Semivivus
1178 1889 1225 1916 est
1252 1887 1394 1930 relictus,

974 1928 1040 1959 Iam
1066 1931 1161 1962 morti
1188 1933 1292 1964 victor
1317 1936 1467 1969 addictus

1022 1977 1170 2017 Suspirat
1195 1981 1235 2011 ad
1265 1984 1418 2020 praemia,

975 2072 1110 2105 Praeses
1132 2074 1210 2107 furit
1235 2078 1267 2109 in
1298 2080 1467 2122 Victorem

976 2120 1121 2154 Christus
1144 2129 1253 2157 sancto
1273 2127 1326 2158 dat
1346 2130 1502 2173 vigorem3

975 2168 1011 2200 In
1039 2170 1121 2202 hunc
1147 2178 1275 2206 exercet
1301 2175 1439 2211 furorem

1023 2218 1101 2250 Cum
1129 2229 1243 2261 magna
1267 2223 1408 2260 infamia.

971 2313 1035 2345 Hic
1059 2314 1091 2346 in
1115 2317 1198 2356 pede
1225 2318 1442 2364 detruncatur,

972 2361 1054 2393 Dum
1080 2363 1113 2395 in
1138 2368 1226 2397 terra
1250 2370 1465 2416 propulsatur,

973 2410 1086 2443 Statim
1113 2422 1244 2452 praeses
1270 2417 1446 2453 admiratur

1021 2458 1089 2490 Nec
1114 2470 1148 2492 se
1175 2463 1263 2503 capit
1287 2474 1364 2505 prae
1390 2467 1484 2505 furia.
