1655 2713
752 167 1009 202 —294-

611 304 677 334 332.
719 302 759 333 De
782 303 889 332 sancto
910 297 1128 330 willibrordo.

365 409 423 440 la.
451 406 496 438 Sit
523 405 580 436 tibi
606 404 675 434 laus
699 407 731 433 et
755 401 868 434 honor,
895 399 970 432 doni
996 397 1215 438 septemplicis
1239 399 1362 434 auctor,

363 455 424 488 1b.
451 454 509 493 Qui
536 453 650 493 spiras,
676 451 730 482 ubi
757 450 816 489 vis,
843 448 896 488 qui
923 446 1103 478 sanctificas
1131 445 1201 486 tibi,
1227 453 1305 484 quos
1332 443 1394 476 vis.

367 557 428 588 2a.
456 553 515 592 Qui
543 552 647 584 caelos
673 559 767 582 ornas
793 554 825 581 et
851 554 972 590 septem
1000 555 1133 578 munera
1159 545 1269 586 donas,

366 602 429 635 2b.
458 601 520 632 Per
547 608 626 639 quae
652 604 722 630 sunt
749 606 858 629 omnes
884 596 987 628 sancti
1013 595 1091 626 facti
1117 593 1305 633 locupletes,

366 704 427 734 3a.
455 703 503 733 Ac
529 701 739 739 locupletatus
767 697 936 729 Willbrort
964 700 1022 733 est,
1051 699 1142 736 gente
1169 694 1354 726 Britannus.

368 750 429 783 zozb.
457 750 519 780 Hic
544 748 630 788 prius
660 743 736 790 [est]
763 750 855 777 notus
881 744 1010 781 mundo,
1038 753 1129 783 quam
1159 741 1306 773 conditus
1333 743 1438 778 ortus,

363 853 421 883 4a.
449 848 599 888 cognitus
625 852 698 879 ante
723 855 799 877 suae
826 846 919 876 matri
947 844 1004 875 sub
1031 847 1172 875 oromate
1198 843 1303 875 lunae.

363 902 382 930 4
398 897 429 929 b.
457 898 493 928 In
519 896 636 927 teneris
663 895 754 926 annis
781 895 881 925 maior
908 901 940 924 se
966 892 1081 924 robore
1107 891 1220 922 mentis

369 1001 428 1030 52.
457 997 623 1036 Cognatos,
651 996 785 1035 patriam
813 994 996 1034 patriarcha
1022 993 1151 1031 reliquit
1175 997 1209 1023 ut
1234 991 1418 1031 Abraham,

370 1045 432 1077 5b.
459 1045 495 1076 In
523 1044 619 1075 cosmi
646 1047 753 1079 partes
780 1041 867 1073 exsul
896 1041 979 1072 venit
1004 1040 1159 1071 boreales.

370 1146 429 1177 Ga.
457 1144 514 1175 Est
540 1144 573 1174 in
598 1141 779 1182 pontificem
807 1142 959 1177 delectus,
987 1141 1100 1171 missus
1126 1140 1158 1170 in
1183 1138 1306 1175 urbem,

372 1192 432 1223 ssb.
460 1192 496 1222 In
525 1191 764 1222 dominatricem
791 1189 898 1220 mundi
925 1188 1021 1219 totius
1048 1192 1079 1218 et
1104 1195 1228 1227 arcem,

369 1292 427 1324 7a.
455 1291 513 1322 Est
540 1295 569 1321 et
592 1290 784 1329 apostolicus
811 1289 941 1320 caelesti
969 1287 1085 1319 famine
1113 1288 1234 1324 doctus,

372 1338 433 1370 7b.
458 1339 543 1379 QuiS,
572 1339 658 1368 cuius
685 1337 800 1371 meriti,
827 1336 903 1375 quid
931 1336 1038 1375 vellet,
1065 1344 1165 1374 quare
1193 1335 1325 1366 veniret.

373 1440 431 1471 Sa.
460 1438 505 1470 Sit
532 1437 590 1468 tibi
618 1437 710 1475 doxa,
738 1437 844 1473 decus,
872 1443 1023 1469 nostrum.
1052 1435 1219 1476 paraclite,
1246 1435 1379 1475 pignus,

371 1486 431 1518 8b.
459 1486 517 1517 Est
543 1485 713 1517 Willbrort
738 1485 862 1516 iunctus
885 1484 943 1515 tibi
969 1483 1125 1524 praesulis
1152 1483 1265 1514 ordine
1291 1481 1432 1515 functus.

377 1587 434 1618 9a.
462 1585 521 1617 Est
547 1585 725 1625 appellatus
752 1585 900 1622 clemens,
929 1585 1020 1616 donis
1048 1584 1267 1619 cummulatus,

376 1633 437 1667 9b.
464 1633 524 1664 Est
549 1638 659 1664 nactus
686 1633 792 1664 sedem
818 1632 956 1664 Traiecti
984 1631 1209 1671 pontificalem.

355 1734 435 1767 lOa.
462 1734 497 1764 In
523 1733 640 1764 virtute
666 1738 719 1764 tua
744 1733 840 1772 gessit
865 1732 1010 1763 miranda
1036 1732 1205 1772 stupenda,

354 1782 397 1814 10
409 1781 439 1813 b.
467 1779 657 1812 Dulcifluum
685 1781 776 1811 siccis
802 1779 923 1811 sontem
950 1780 1102 1820 produxit
1129 1780 1267 1812 harenis.

358 1881 397 1913 11
412 1889 440 1912 a.
467 1880 651 1912 Barbariem
679 1880 810 1911 Fresiae
837 1880 982 1911 lustravit
1009 1880 1127 1911 lumine
1151 1881 1246 1920 vitae,

359 1928 443 1962 1111.
471 1929 659 1960 Indomitam
687 1932 810 1967 gentem
835 1927 932 1959 verbo
959 1927 1080 1959 domuit
1105 1927 1370 1961 Walichrensem.

358 2029 399 2061 12
411 2038 440 2061 a.
467 2029 526 2060 Est
551 2029 631 2059 ictus
658 2028 764 2068 gladio
790 2037 848 2060 nec
873 2028 978 2060 laesus
1005 2028 1157 2068 sanguine
1183 2027 1275 2066 fuso3

358 2077 400 2109 12
411 2075 441 2108 b.
469 2076 607 2117 Martyr,
633 2077 796 2115 apostolus
822 2080 879 2117 est,
904 2075 1078 2116 confessor,
1105 2077 1256 2116 virgoque
1281 2080 1382 2109 vates.

361 2178 403 2210 13
414 2186 442 2209 a.
469 2176 527 2208 Est
554 2177 769 2216 Epternacum
796 2176 855 2208 sibi
883 2177 1013 2208 sortitus
1039 2177 1254 2218 poliandrum,

363 2224 447 2258 131).
476 2224 584 2257 Claret
610 2224 664 2256 ubi
691 2225 800 2265 signis,
827 2229 903 2264 quot
929 2224 1066 2266 harenis,
1094 2229 1171 2265 quot
1195 2234 1282 2257 mare
1307 2225 1418 2266 guttis.

361 2326 404 2358 14
415 2335 444 2358 a.
472 2326 573 2358 Huius
599 2335 658 2366 pro
683 2325 805 2357 meritis
830 2328 862 2357 te
885 2325 1043 2358 mentibus
1067 2326 1173 2358 insere
1198 2327 1328 2365 nostris,

362 2374 404 2406 14
415 2373 446 2406 b.
474 2373 523 2406 Sis
548 2379 662 2416 rector,
691 2372 806 2416 fautor,
834 2374 947 2406 summi
974 2374 1174 2407 charismatis
1200 2380 1322 2408 auctor.

315 2473 403 2509 Trop.
427 2483 477 2501 ms.
499 2475 717 2510 Epternacense
738 2483 813 2502 saec.
838 2473 911 2502 ¹¹:12.
933 2474 1003 2502 Cod.
1024 2475 1152 2502 Parisin.
1176 2473 1282 2504 10510.
