1655 2713
722 178 763 182 —
817 161 884 194 114
936 139 1011 184 —'

538 262 568 290 ζ).
598 258 698 291 Simul
724 266 832 289 omnes
858 257 1065 301 inclamemus

594 306 635 337 Et
663 305 830 337 clamando
854 304 1065 345 publicemus.

593 354 692 385 Nobis
720 353 779 384 hoc
805 354 870 390 det,
897 362 959 393 quo
985 361 1124 393 egemus,

642 401 765 442 Regnat
792 402 846 441 qui
872 402 1068 442 perenniter.

269 486 350 512 Miss.
374 496 414 512 ωε
446 486 592 519 pragense
614 494 690 512 saec.
714 484 756 512 14.
779 485 849 512 Cod.
873 486 948 512 Mus.
971 485 1089 512 ssohem.
1111 485 1181 512 xvl
1204 485 1227 511 Α
1256 483 1298 512 12.
1321 485 1355 511 Α.
1374 501 1407 504 -
1428 485 1512 511 Miss.

192 534 242 550 ms.
265 524 491 557 Vissegradense
513 533 588 550 saec.
613 523 654 550 15.
677 524 748 551 Cod.
769 525 865 560 Capit.
888 523 1096 558 Vissegraden.
1120 524 1143 550 V
1165 525 1189 550 C
1210 534 1225 558 η
1261 525 1290 550 Β.
1308 538 1344 542 -
1359 521 1410 556 23,
1436 521 1450 550 l
1464 523 1512 550 Ex

192 564 259 597 quis
288 563 320 589 U.
342 577 373 580 κ
400 561 455 593 3³1,
484 562 501 589 :52
527 564 641 598 Agrium
664 562 737 589 fehlt
756 564 789 589 A.
812 578 846 581 —
869 562 926 595 Ra,
955 561 973 589 4
994 571 1099 598 supera
1122 563 1155 589 B.
1177 576 1213 581 —-
1234 561 1291 592 4a.
1323 561 1335 588 1
1359 564 1462 588 orante
1483 565 1511 589 te

191 602 223 626 A·
240 615 274 618 fl
289 599 340 630 421,
363 600 378 626 4
402 602 512 627 Sitonu-
533 601 567 627 A.
587 617 618 620 —
636 599 663 632 5.
685 599 703 627 3
724 601 771 628 det
787 610 844 637 quo
858 601 931 628 fehlt
945 602 978 627 Α.
994 616 1026 620 -
1048 600 1259 628 Akrostichon:
1282 600 1510 636 Stephanus:

190 639 264 664 wohl
286 638 336 664 der
358 639 485 665 Dichter.

621 724 674 754 118.
715 724 755 754 De
777 726 885 754 sancta
910 723 1076 754 Dorotliea.

216 806 273 836 la.
307 803 402 834 Clara
430 804 524 834 claris
906 804 966 838 lb.
1001 805 1124 836 Nomen
1151 809 1245 836 nacta

311 850 387 882 Sata
412 851 520 890 prodit
547 851 735 891 parentibus
1000 852 1088 884 Haec
1099 857 1209 884 sancto
1219 858 1402 884 sanctorum
1413 857 1513 893 nupta

356 898 529 936 Dorothea‚
1049 901 1112 932 Per
1137 901 1300 933 annulum.

215 985 275 1016 23.
306 985 409 1015 Annis
437 985 611 1024 puerilibus
903 986 967 1018 2b.
1000 986 1103 1018 Valde
1129 987 1265 1026 pulchra
1291 986 1374 1019 facie

310 1031 448 1063 Refulsit
479 1033 648 1064 virtutibus
999 1034 1066 1065 Nec
1093 1035 1187 1066 cessit
1213 1035 1254 1066 ab
1280 1036 1350 1067 acie

355 1080 535 1113 Adornata.
1049 1082 1225 1114 Castitatis.

217 1168 275 1198 2321.
310 1165 509 1196 Protestatur
535 1166 676 1204 augelus,
904 1169 923 1200 :3
935 1167 964 1198 b.
1000 1169 1105 1209 Poma,
1134 1178 1222 1200 rosas
1248 1169 1394 1211 afferens,

310 1212 429 1244 Summi
455 1214 538 1254 regis
564 1214 692 1244 nuntius
1000 1216 1092 1246 Hanc
1117 1226 1258 1248 sororem
1283 1227 1440 1259 asserens,

358 1260 425 1292 Sibi
452 1261 575 1302 missus,
1048 1264 1119 1295 Vita
1146 1270 1276 1297 castam.

216 1348 273 1377 4a.
305 1345 474 1376 Fabricius
499 1345 681 1385 praefectus
905 1349 965 1380 4b.
999 1349 1147 1388 spretum
1175 1351 1263 1390 virgo
1290 1352 1435 1393 proiecit,

307 1393 382 1424 Zelo
409 1393 475 1424 eius
501 1393 631 1425 affectus
998 1397 1126 1429 Christo
1151 1407 1185 1429 se
1212 1398 1366 1440 patefecit

358 1441 449 1471 Hanc
474 1442 614 1480 optavit3
1047 1446 1293 1485 Desponsatam.

216 1529 272 1557 5³.
305 1525 389 1557 Hinc
415 1524 568 1557 ferventis
597 1527 657 1558 olei
905 1529 966 1562 5b.
1000 1530 1174 1562 Gentilium
1201 1533 1335 1565 delubra

308 1574 345 1604 In
376 1574 494 1605 dolium
522 1574 658 1606 mittitur
1001 1577 1185 1610 Affirmavit
1210 1581 1343 1613 sordida

309 1621 350 1652 Et
378 1619 543 1664 [obscuro]
571 1623 691 1654 carcen'
1000 1627 1156 1658 Asserens
1183 1628 1350 1661 daemonia

355 1669 570 1708 mancipatur.
1046 1674 1130 1706 Fore
1156 1685 1250 1708 vana.

213 1756 274 1786 Ga.
306 1755 382 1786 Post
408 1755 507 1787 multa
533 1765 661 1797 genera,
902 1760 965 1794 6b.
997 1760 1121 1800 Sponsa
1147 1772 1263 1802 sponso
1290 1764 1393 1804 datur,

308 1802 394 1841 Quae
420 1803 492 1834 tulit
518 1808 636 1845 tenera,
996 1809 1112 1841 Cervix
1142 1810 1216 1841 dum
1243 1816 1420 1848 truncatur.

355 1850 596 1883 Tormentorum
1042 1857 1132 1889 Stola
1158 1859 1243 1890 clara

402 1899 590 1937 gravissima
1092 1905 1258 1938 trabeatur

683 1987 713 2018 7.
741 1987 912 2022 Dorothea.

264 2067 371 2102 Hymn.
403 2072 431 2094 et
459 2069 596 2104 Sequent.
627 2080 678 2097 nis.
707 2074 901 2100 t'raeoviense
925 2075 1001 2106 (cum
1028 2081 1203 2107 commento)
1230 2081 1300 2106 anni
1330 2079 1411 2108 1425.
1441 2083 1512 2110 (lod.

188 2106 359 2132 Cracovien.
390 2107 493 2142 Iagell.
523 2106 605 2135 2012.
635 2123 671 2127 —
698 2110 767 2137 Mel.
797 2111 941 2139 offenbar:
970 2114 1254 2149 Laetabundus,
1282 2119 1376 2146 wobei
1405 2119 1435 2147 7:
1460 2121 1513 2148 das

187 2144 281 2170 Amen
303 2146 427 2172 vertritt.
450 2161 484 2165 —
510 2145 560 2174 lb.
583 2145 600 2173 2
624 2148 703 2175 Haec
724 2153 826 2176 saneta
849 2154 1016 2178 sanctarum
1038 2154 1121 2189 virgo
1143 2154 1182 2181 fit.

580 2278 635 2309 119.
678 2280 719 2310 De
743 2283 851 2313 saneto
874 2281 1034 2316 Edmundo
1055 2285 1112 2325 Ep.

217 2357 272 2391 la.
303 2357 355 2389 Ad
383 2358 532 2391 honorem
559 2361 672 2392 summi
699 2362 782 2402 regis
903 2363 965 2398 1b.
998 2364 1108 2398 Sancti
1133 2369 1293 2407 praesulis
1319 2371 1483 2406 Edmundi

308 2406 375 2437 Vox
403 2407 510 2439 devoti
537 2408 657 2448 psallat
680 2410 785 2450 gregis
998 2412 1094 2446 Clara
1119 2424 1197 2448 voce
1223 2417 1411 2453 laetabundi

356 2455 499 2488 Pastoris
523 2456 708 2499 sollemnia;
1045 2463 1224 2504 pangamus
1250 2470 1434 2506 praeconia.
