1655 2713
673 182 716 188 —
768 162 836 198 183
886 181 932 187 —

571 257 634 289 201.
676 257 718 289 De
741 258 853 288 saneta
874 255 1064 288 Kathnrina.

155 346 214 379 la.
249 345 360 378 Omnis
386 347 524 379 mundus
854 346 916 380 1b.
946 346 1066 380 Noster
1092 349 1200 377 coetus

252 393 484 426 Laetabundus

300 442 425 475 Psallat
452 451 524 475 cum
552 443 676 476 laetitia
686 454 694 486 3

951 395 1063 427 Cantet
1090 394 1192 426 laetus

998 443 1133 475 Remota
1158 441 1301 473 tristitia.

156 519 216 554 2a.
248 520 333 552 Puro
361 520 459 552 corde
852 521 913 554 2b.
946 520 1007 552 Die
1033 520 1095 552 isto

251 567 327 599 Sine
353 568 449 600 sorde
945 569 1075 601 Plaudit
1101 568 1230 601 Christo

299 616 392 649 Colat
420 617 499 649 haec
527 616 672 658 festalia3
996 616 1083 648 Costi
1109 616 1193 656 regis
1219 615 1296 648 filia.

157 693 218 726 3a.
251 693 433 725 Katherina
850 695 868 725 3
881 692 911 726 b.
945 693 1046 725 Laeta
1073 693 1161 724 vadit

250 741 361 773 Laude
388 741 487 781 digna
946 741 990 774 Et
1017 740 1142 772 invadit

300 789 407 821 Currit
435 789 476 821 ad
503 789 670 831 palatium,
991 788 1170 828 Superbum
1197 787 1408 820 Maxentium.

151 866 216 900 4a.
248 866 318 898 Rex
346 869 521 897 commotus
853 865 915 898 4b.
950 865 1010 896 Illa
1036 865 1123 896 ridet

248 914 374 947 Fremit
399 918 495 953 totus,
946 913 989 945 Et
1016 913 1142 944 deridet

297 962 443 994 Minatur
468 961 678 1001 supplicium;
994 961 1137 1001 Tyranni
1165 960 1328 992 iudicium.

152 1039 213 1072 5a.
245 1039 315 1071 Rex
341 1042 466 1070 astutus
847 1038 909 1071 5b.
942 1038 1076 1070 Blandis
1104 1037 1211 1068 verbis

246 1087 289 1119 Et
317 1090 464 1117 versutus
943 1086 986 1118 Et
1011 1085 1136 1117 acerbis

296 1134 435 1174 Inquirit
457 1134 623 1176 originem,
993 1134 1191 1174 Aggreditur
1216 1133 1384 1173 virginem.

146 1212 209 1244 6a.
242 1211 342 1251 Virgo
369 1211 492 1244 blanda
847 1211 908 1244 6b.
941 1211 1150 1251 Quaestiones

244 1259 288 1291 Et
313 1259 454 1291 amanda
945 1260 1040 1300 Regis
1067 1267 1176 1290 omnes

294 1307 477 1348 Respondit
503 1307 692 1349 sophistice,
993 1308 1095 1340 Solvit
1124 1307 1305 1339 dialectice.

151 1386 169 1417 7
185 1393 211 1416 a,
251 1386 288 1418 In
315 1385 482 1424 palaestra
847 1385 909 1419 7b.
942 1385 1057 1416 Nullus
1084 1384 1178 1415 homo

247 1433 368 1466 Contra
394 1438 523 1473 sceptra
942 1433 1000 1465 Est
1027 1433 1058 1464 in
1088 1433 1192 1471 domo,

291 1481 363 1513 Non
390 1481 483 1513 timet
508 1482 679 1520 assistere3
989 1481 1048 1521 Qui
1075 1481 1176 1520 possit
1203 1480 1364 1513 resistere.

147 1558 208 1591 Sa.
242 1557 311 1590 Rex
338 1559 502 1601 proponit,
847 1559 908 1592 8b.
942 1558 1149 1598 obstupescit

243 1606 335 1638 Haec
361 1607 493 1647 exponit
943 1607 983 1639 Et
1011 1606 1155 1648 pavescit

293 1655 384 1687 Illius
409 1655 631 1696 problemata;
990 1655 1060 1687 Rex
1086 1655 1128 1686 ad
1155 1654 1221 1686 eius
1249 1655 1412 1696 (logmata.

147 1732 206 1765 9a.
238 1732 457 1764 Adducuntur
845 1735 906 1768 9a.
939 1734 1177 1765 Convertuntur

241 1781 285 1812 Et
311 1785 504 1821 promuntur
941 1782 1183 1822 Coniunguntur

291 1829 450 1862 Rhetores
476 1831 508 1862 in
535 1830 675 1873 publico,
987 1832 1065 1864 Cum
1094 1835 1186 1861 coetu
1212 1830 1367 1870 angelico.

122 1907 166 1940 10
178 1915 206 1940 a.
238 1906 264 1939 Ο
291 1906 439 1948 benigna,
822 1910 904 1942 102..
936 1908 1051 1940 Funde
1078 1917 1202 1949 preceS,

240 1954 310 1987 Deo
338 1955 444 1998 digna,
940 1956 1064 1989 Munda
1091 1955 1197 1988 faeces

290 2003 434 2044 Supplex
470 2014 548 2047 roga
574 2005 755 2047 Dominum,
989 2006 1199 2038 Peccatorum
1226 2004 1399 2038 hominum.

122 2081 163 2114 11
176 2090 206 2114 a.
237 2081 316 2113 Dies
342 2082 414 2121 iste,
820 2085 858 2117 11
876 2083 905 2116 b.
938 2083 1101 2116 Summum
1128 2083 1244 2115 bonum

241 2130 314 2162 Iesu
339 2131 479 2169 Christe,

287 2179 498 2212 Celebrantes
524 2178 632 2212 foveat
645 2189 651 2220 ;

939 2132 987 2164 Sit
1015 2133 1045 2164 in
1075 2132 1203 2168 domun,

989 2180 1169 2213 Katharina
1199 2179 1313 2212 faveat.

196 2254 280 2282 Miss.
301 2255 518 2285 Lausannense
539 2258 608 2293 imp.
631 2257 811 2284 Lausannae
834 2255 918 2284 1493.
939 2258 972 2284 A.
989 2271 1026 2276 —
1041 2258 1125 2284 Miss.
1147 2258 1361 2283 Lausannense
1384 2256 1454 2291 imp.

120 2291 270 2321 Gebemiis
293 2292 375 2323 1505.
399 2296 431 2323 B.
455 2310 489 2314 —
510 2296 593 2323 Miss.
616 2296 831 2323 Lausannense
861 2297 930 2332 imp.
956 2296 1096 2332 Lugduni
1125 2294 1207 2322 1522.
1233 2294 1263 2321 C.
1288 2309 1320 2312 —
1344 2292 1409 2326 6b,
1438 2292 1456 2320 3

119 2329 257 2360 dialetico
272 2333 335 2367 Ac,
356 2334 503 2370 dyaletice
517 2335 550 2362 B.
568 2349 601 2353 —
620 2333 636 2362 7
649 2343 675 2367 a,
698 2333 716 2361 2
739 2337 856 2371 sceptra
877 2336 917 2362 ist
938 2334 1009 2362 kein
1025 2335 1122 2362 reiner
1137 2335 1221 2361 Reim
1238 2342 1273 2360 zu
1289 2333 1456 2369 palaestra;

120 2369 192 2398 aber
211 2370 264 2399 das
285 2373 400 2409 gleiche
420 2373 478 2410 gilt
498 2374 547 2402 bei
568 2372 630 2406 Gb,
656 2372 669 2401 l
693 2382 721 2400 u.
744 2371 770 2400 2.
793 2390 825 2393 —
851 2371 907 2406 Sa,
929 2374 946 2401 3

119 2408 170 2437 Sic
188 2409 256 2445 A133
285 2411 406 2440 domum
426 2411 486 2440 AC.
508 2427 545 2432 —
566 2412 697 2440 Melodie
722 2412 875 2440 vielleicht
898 2414 940 2448 „O
975 2413 1089 2440 beata
1123 2409 1355 2443 beatorum“,

968 2374 1174 2410 probleumata
1196 2373 1255 2399 AB.
1279 2386 1315 2390 —
1340 2371 1370 2398 11
1385 2372 1413 2404 b,
1435 2370 1453 2399 2

1383 2411 1454 2438 aber

116 2447 197 2476 daun
220 2450 320 2479 wiiren
341 2450 400 2479 Str.
428 2450 446 2479 5
465 2461 494 2479 u.
515 2450 534 2480 6
559 2461 597 2479 zu
625 2453 730 2479 einer
758 2461 796 2479 zu
816 2453 973 2484 vei-einen,
1001 2451 1060 2478 und
1081 2451 1128 2478 die
1152 2450 1286 2486 Sequenz
1307 2451 1384 2477 wiire
1405 2459 1455 2477 um

118 2484 137 2516 3
159 2487 306 2526 Strophen
326 2490 506 2527 verliingert.
