1655 2713
686 185 948 221 —321—

147 262 189 295 15
201 273 232 298 a.
263 265 326 298 Est
351 268 493 304 hirsutus
521 278 554 306 et
577 276 699 317 pilosus

266 313 308 346 Et
334 316 474 351 incultus
500 327 533 354 et
557 333 730 370 pannosus,

315 363 378 396 Vili
404 370 508 400 tectus
527 373 674 414 tegmine,

141 436 225 470 16a.
256 438 300 471 Et
327 441 367 473 de
393 445 471 476 setis
498 449 690 483 camelorum

257 487 302 520 Et
329 491 417 523 corio
444 492 633 529 bubalorum

307 537 376 571 Sibi
404 541 543 574 confecit
566 547 736 591 amictum3

135 653 218 686 17a.
249 656 293 688 Et
321 658 361 690 de
390 661 469 693 cibis
495 664 690 700 locustarum

255 705 292 737 In
318 707 436 740 ardore
461 712 648 747 adustarum
675 735 723 740 —

255 752 324 786 Nec
343 756 487 791 delectus
503 765 551 792 est
571 771 715 798 escarum
735 785 782 791 —

301 802 445 845 Sumpsit
475 809 508 840 in
534 811 675 845 edulium
689 825 697 857 ς

132 877 172 909 18
187 886 217 910 a.
251 879 374 913 Lautae
400 883 481 924 fugit
503 886 669 922 obsonium

250 928 395 970 Mensae,
424 931 505 974 fugit
532 944 734 980 apparatum,

249 975 294 1007 Et
319 977 490 1014 humanum
520 989 714 1020 consortium

284 1026 314 1056 A
350 1027 492 1062 Iohanne
527 1038 756 1071 contemnitur.

123 1099 206 1132 1921.
237 1102 343 1135 Antra
369 1107 451 1144 petit
477 1108 564 1142 inter
589 1121 696 1154 rupes,

239 1149 329 1183 Inter
353 1162 442 1194 saxa,
469 1156 554 1190 inter
581 1166 708 1194 montes

293 1199 397 1234 Verus
424 1206 612 1249 eremicola3

118 1272 162 1305 20
175 1282 204 1307 a.
236 1275 336 1309 Totus
362 1284 506 1314 mortuus
530 1293 599 1317 cum
620 1289 748 1332 mundo,

237 1323 385 1359 Mortuus
404 1331 542 1364 mundus
561 1339 608 1366 est
629 1336 661 1368 in
680 1338 747 1378 illo,

283 1373 383 1408 Totus
394 1378 504 1411 vivens
519 1387 587 1414 erat
598 1383 727 1418 Christo
738 1399 746 1429 ς

115 1446 155 1478 21
172 1456 201 1481 a.
235 1449 305 1482 Vox
333 1453 501 1489 clamantis
527 1459 558 1490 in
587 1461 716 1496 deserto

236 1498 367 1533 Cunctis
394 1509 443 1535 est
469 1505 500 1537 in
527 1509 708 1551 manifesto,

275 1548 423 1583 Clamans
439 1554 579 1588 clamore
593 1562 763 1596 raucescit.

105 1615 148 1647 22
159 1625 189 1650 a.
224 1619 305 1660 Vox,
333 1633 415 1663 quae
441 1629 557 1660 transit
586 1634 748 1672 tamquam

450 1676 551 1714 nulla,

219 1715 290 1749 Cito
322 1718 403 1762 fugit
432 1727 594 1766 tamquam
613 1730 736 1771 umbra,

264 1767 326 1799 Ille
347 1778 423 1802 vero
443 1774 575 1807 verbum
590 1786 733 1815 manens,

97 1835 140 1868 23
152 1845 182 1870 a.
214 1838 355 1872 Verbum
366 1842 453 1876 istud
465 1855 592 1880 carnem
605 1859 732 1884 sumens

217 1887 288 1920 Non
317 1894 365 1922 est
391 1892 472 1925 illud
496 1900 730 1942 pertransiens,

262 1936 326 1970 Sed
342 1941 485 1976 estistud
494 1953 708 1985 perseverans
720 1960 727 1991 ;

94 2055 177 2089 24a.
211 2057 283 2091 Non
310 2061 365 2093 lux
393 2063 472 2105 iste,
500 2068 558 2099 sed
586 2069 729 2111 lucerna,

212 2106 285 2140 Non
312 2110 359 2142 sol
385 2112 506 2154 lucens,
533 2117 591 2148 sed
609 2127 729 2152 aurora

259 2157 343 2190 Solis
369 2164 474 2193 ortum
502 2167 725 2203 praeveniens.

811 1294 856 1327 20
868 1294 898 1329 b.

811 1469 851 1500 21
867 1467 896 1500 b.

810 1638 854 1671 22
866 1638 897 1672 b.

847 285 889 318 15
904 286 934 319 b.
967 289 1061 324 Circa
1086 294 1210 328 lumbos
1237 308 1317 332 zona
1344 302 1480 343 cinctus,

963 338 1057 372 Circa
1082 351 1174 375 renes
1193 350 1241 377 est
1260 350 1462 387 praecinctus

1011 388 1095 422 Rudi
1123 393 1247 426 vinctus
1275 396 1434 437 ligamine.
1466 380 1473 395 ‘

841 459 883 492 16
896 460 926 494 b.
958 463 1002 495 Et
1029 467 1152 500 tunicas
1179 475 1276 512 atque
1304 480 1411 508 vestes

960 511 1028 544 Sibi
1056 517 1191 556 parabat
1218 527 1364 561 agrestes

1006 561 1145 602 Propter
1164 569 1272 600 mundi
1293 571 1377 603 huuc
1395 583 1472 606 con—

1180 621 1346 656 temptum.

837 676 922 710 171).
953 681 1020 712 Mel
1046 683 1203 728 silvestre,
1232 689 1281 720 lac
1308 698 1435 731 agreste

954 727 1066 762 Cibum
1094 736 1229 774 sumpsit
1256 739 1435 780 manifeste,

956 777 1054 810 Potus
1080 791 1199 820 parvus
1226 791 1255 816 et
1288 789 1432 821 modeste

999 827 1052 858 Ad
1079 830 1163 861 vitae
1189 833 1378 869 subsidium.

831 898 915 931 181³.
949 902 1043 942 Fugit
1079 906 1177 946 dapes
1205 912 1348 951 egregias

948 950 991 981 Et
1018 954 1130 991 epulas
1158 958 1261 996 regias

950 998 1039 1030 Velut
1069 1002 1287 1037 immunditias

993 1047 1092 1080 Totus
1119 1051 1330 1090 obliviscitur,

829 1119 871 1152 19
883 1120 912 1152 b.
943 1124 1050 1164 Atque
1077 1128 1174 1160 rudes
1200 1131 1285 1163 inter
1312 1142 1400 1165 casas

945 1171 1110 1206 Latitabat
1138 1182 1167 1208 et
1196 1181 1374 1213 condensas

991 1222 1149 1256 Iohannes
1177 1227 1372 1264 christicola.

931 1298 968 1328 In
986 1308 1019 1330 se
1036 1306 1178 1334 mortuus
1190 1304 1317 1338 Christo
1330 1307 1449 1349 vivens,

930 1346 1068 1379 Mortem
1080 1359 1150 1381 cum
1166 1353 1229 1383 vita
1241 1360 1450 1397 commutans,

978 1396 1125 1429 Christus
1153 1400 1281 1433 vivebat
1308 1404 1338 1435 in
1367 1405 1448 1444 ipso.

930 1471 1047 1504 Rectus
1073 1485 1202 1514 gressus
1228 1483 1258 1509 et
1285 1482 1414 1513 semitas

930 1519 1065 1553 Domino
1093 1533 1209 1563 parare
1237 1528 1304 1559 vias

968 1569 1055 1601 Sicut
1085 1574 1244 1612 propheta
1270 1578 1440 1616 praedicit.

930 1640 976 1672 Sit
985 1642 1016 1674 in
1029 1644 1119 1676 nobis
1131 1647 1273 1686 verbum,
1285 1651 1369 1689 quod
1379 1655 1438 1694 est,

927 1690 1017 1729 Quod
1029 1695 1144 1725 mutari
1153 1705 1313 1736 nunquam
1321 1703 1438 1741 potest,

970 1739 1138 1781 Nunquam
1166 1744 1198 1775 in
1221 1754 1254 1776 se
1275 1746 1436 1781 deficiens.

797 1857 840 1889 23
854 1855 884 1892 b.
916 1859 966 1891 Sit
996 1861 1027 1892 in
1056 1862 1147 1894 nobis

965 1909 1085 1942 delicta
1119 1913 1316 1955 condonans,

914 1957 968 1988 Ad
994 1960 1112 1998 gaudia

961 2012 1033 2046 post
1062 2009 1157 2041 vitam
1186 2013 1378 2051 perducens.

792 2075 837 2108 24
849 2075 879 2108 b.
912 2079 973 2110 Ille
999 2080 1093 2112 iubar
1119 2086 1233 2115 summi
1261 2087 1345 2126 regis

912 2127 955 2158 Et
990 2137 1184 2168 praecursor
1218 2143 1319 2165 novae
1346 2135 1425 2175 legis

958 2176 1076 2208 Lucem
1105 2179 1169 2210 diei
1219 2182 1379 2215 nuntians.

80 2226 126 2259 25
139 2235 168 2259 a.
201 2228 274 2262 Non
308 2230 488 2266 ferentibus
515 2237 722 2276 splendorem
784 2245 828 2277 25
843 2245 873 2278 b.
907 2248 944 2280 In
971 2250 1113 2282 tenebris
1140 2257 1287 2284 assuetus

203 2277 355 2312 Christus
365 2284 534 2321 praemisit
543 2285 719 2330 lucernam,

250 2327 350 2360 Iubar
383 2330 464 2363 lucis
493 2333 579 2366 vitae
604 2336 716 2371 solem.

78 2397 165 2431 26a.
196 2399 282 2433 Dum
306 2401 464 2445 baptizat,
493 2405 688 2453 baptizatur,

200 2447 284 2481 Dum
311 2458 489 2496 expurgat,
517 2460 718 2497 expurgatur

245 2497 284 2530 Vi
310 2503 480 2541 purgantis
506 2505 632 2546 omnia;

133 2555 268 2586 mame,
286 2558 457 2588 Sequentiae
474 2561 611 2587 Ineditae.
644 2564 692 2589 lx,

905 2296 953 2329 Ob
980 2299 1181 2338 praeclaram
1206 2306 1315 2333 noster
1333 2304 1419 2336 visus

952 2346 1011 2377 Est
1042 2347 1175 2380 obtusus
1202 2355 1276 2382 ante
1303 2351 1417 2387 lucem.

779 2413 824 2448 26
836 2414 866 2448 b.
898 2416 982 2449 Dum
992 2417 1134 2460 baptizat
1145 2421 1306 2455 Christum
1314 2428 1416 2467 extra,

898 2465 1090 2506 Baptizatur
1114 2479 1226 2502 servus
1252 2472 1357 2514 intra;

943 2515 1064 2557 Magna
1090 2523 1165 2551 sunt
1190 2521 1355 2561 mysteria.

1202 2575 1235 2604 21
