1655 2713
260 258 322 289 92.

767 174 808 178 —
861 153 932 188 288

355 256 528 295 Agonistae
555 253 673 286 Christi
700 249 810 289 fortes,

355 303 459 334 Vestri
486 303 581 333 simus
609 304 644 332 ut
668 303 841 339 consortes,

403 351 545 382 Exorare
572 348 751 385 Dominum,

945 249 1008 282 9b.

1043 248 1198 289 Quodque
1224 248 1320 280 sorde
1347 255 1501 279 exuamur

1040 297 1081 329 Et
1108 301 1143 328 ut
1168 300 1255 328 sorte
1283 294 1491 336 perfruamur

1085 346 1300 377 Aeternorum
1326 343 1455 377 civium.

310 446 391 472 Miss.
408 454 458 470 ms.
471 444 684 470 Ratisbonense
700 450 775 468 saec.
793 440 837 468 15.
851 440 921 468 Cod.
934 441 1050 468 Veteris
1063 439 1202 473 Capellae
1215 439 1408 466 Ratisbonen.
1422 435 1505 465 1990.
1518 450 1555 455 -

234 483 292 515 da,
319 483 336 510 2
358 492 421 510 cum
443 482 522 509 fehlt.
543 496 579 499 —
600 480 657 512 6³,
686 478 704 506 3
725 477 877 507 Modestus
899 482 935 506 et.
958 494 993 498 -
1015 477 1072 510 6b,
1105 476 1122 504 2
1143 477 1305 512 Quousque
1327 478 1420 513 ponit.
1443 489 1477 494 -
1501 473 1555 507 9b,

233 522 251 549 3
272 523 462 549 Aeternorum
484 521 621 546 omnium.

697 668 766 699 325.
806 668 848 699 De
869 669 978 698 sancto
1000 667 1087 698 Vito.

261 780 318 813 la.
348 779 492 811 Edoctus
518 778 577 810 Dei
603 777 742 816 flamine,

357 827 466 857 Virilis
493 830 521 857 et
550 826 737 865 probamine

404 874 504 906 Ratus
531 878 714 913 perseverat

265 975 270 983 ⁴
320 994 327 1000 .
359 968 544 1001 Praefectus
571 977 639 999 eum
666 966 802 998 fustibus

265 1160 325 1192 3a.

267 1351 329 1380 42.

267 1541 327 1570 53.

265 1729 323 1760 oa.

269 1919 323 1951 Ta.

268 2108 329 2141 Sa.

266 2303 324 2334 93.

360 1017 453 1047 Iussit
481 1016 582 1053 caedi,
610 1014 792 1046 caesoribus

409 1065 570 1095 Aruerunt
598 1063 749 1102 brachia;

359 1158 445 1189 Dicit
464 1157 645 1197 praefectus
664 1159 704 1190 ad
724 1163 865 1199 patrem:

361 1206 493 1245 Corrige
519 1206 601 1237 hanc
627 1210 713 1237 tuam
732 1206 866 1246 prolem,

409 1253 451 1285 Ut
479 1263 540 1284 non
567 1253 649 1284 male
673 1258 804 1294 pereat3

362 1348 477 1379 clauso
502 1349 533 1379 in
561 1348 656 1379 cubili
683 1349 755 1379 Vito

361 1396 493 1435 Fraglat
519 1396 599 1427 odor
623 1396 729 1427 suavis
757 1396 818 1427 cito

410 1443 547 1482 Replens
573 1453 680 1474 omnes
704 1444 736 1474 in
756 1443 865 1484 domo3

364 1539 462 1570 Prece
489 1539 553 1569 Viti
579 1538 635 1569 sed
663 1542 793 1569 sanatur

363 1586 458 1617 Pater
483 1594 541 1616 nec
566 1586 761 1628 melioratur,

409 1634 526 1665 Vivum
553 1634 617 1664 vult
644 1633 808 1672 occidere3

363 1728 553 1759 Diocletiani
579 1732 683 1767 natus,

357 1775 572 1807 Daemonibus
599 1776 833 1817 pessumdatus,

410 1824 472 1855 Per
497 1823 603 1855 Vitum
626 1823 778 1863 eripiturg

356 1917 485 1949 Carceri
511 1922 543 1948 et
569 1918 780 1957 compeditur,

365 1964 464 1996 Leoni
492 1965 596 2004 datur,
625 1969 655 1996 et
682 1966 815 2007 ignitur,

412 2013 500 2044 Haec
533 2018 564 2044 et
597 2014 698 2044 multa
727 2019 867 2053 superat.

364 2109 431 2140 Aer
466 2108 591 2147 fremit,
630 2114 717 2140 terra
750 2110 868 2147 tremit,

363 2156 472 2188 Nubes
497 2157 622 2196 pluunt,
648 2161 735 2189 terra
762 2162 867 2197 ruunt,

405 2204 526 2236 Multos
560 2209 673 2236 necant
707 2205 867 2247 homines,

359 2302 526 2334 Vehuntur
553 2304 598 2334 cis
623 2303 783 2343 quoddam

582 2350 708 2389 flumen,

364 2398 499 2431 orantes
526 2399 667 2432 divinum
693 2409 809 2432 numen

406 2446 475 2478 Deo
501 2447 638 2480 reddunt
665 2449 799 2483 animas

948 775 1010 809 lb.

952 1157 1012 1191 3b.

950 1347 1013 1380 4b.

953 1537 1015 1571 5b.

950 1729 1012 1762 fib.

954 1918 1015 1951 7b.

955 2109 1016 2143 8b.

948 2305 1011 2338 9b.

1047 776 1139 807 Vitus
1167 775 1349 807 duodennis
1374 783 1464 815 puer,

1044 824 1174 864 Spernit
1201 823 1300 863 idola,
1327 831 1388 862 quo
1415 826 1509 862 pater

1090 872 1184 903 Hunc
1210 870 1324 902 crebro
1350 870 1510 902 verberat.

1047 965 1216 999 Praefecto
1243 975 1354 997 manus
1381 966 1476 1007 aruit,

1045 1016 1131 1054 Quae
1158 1014 1218 1045 sibi
1244 1018 1319 1045 tunc
1346 1014 1507 1045 convaluit

1093 1062 1158 1093 Viti
1185 1070 1243 1102 per
1268 1061 1429 1101 suffragia.

1045 1158 1142 1189 Pater
1174 1157 1278 1188 iunxit
1311 1157 1394 1187 hunc
1424 1156 1551 1195 puellis,

1046 1205 1146 1236 Ludis
1173 1205 1262 1235 vanis
1289 1208 1321 1235 et
1344 1204 1495 1235 missellis

1093 1253 1187 1284 Hunc
1212 1256 1336 1290 mutare
1362 1252 1492 1291 cogitat.

1044 1348 1140 1379 Pater
1174 1347 1258 1378 circa
1284 1347 1396 1379 Vitum
1431 1351 1553 1379 stantes

1046 1395 1136 1426 Vidit
1161 1398 1283 1434 septem
1311 1399 1526 1434 coruscantes,

1091 1443 1293 1474 Excaecatur
1318 1443 1416 1476 illico„

1049 1538 1142 1569 Vitus
1169 1537 1210 1568 ad
1236 1542 1355 1569 terram
1382 1538 1479 1569 aliam

1046 1585 1187 1623 Ductus,
1223 1585 1306 1617 altus
1333 1595 1392 1625 per
1416 1586 1555 1626 aquilam

1090 1633 1202 1673 Coepit
1230 1633 1319 1664 miris
1346 1634 1460 1666 nitere.

1044 1728 1164 1760 Nolens
1191 1727 1252 1761 diis
1276 1729 1334 1760 sed
1360 1728 1485 1768 offerre,

1047 1776 1164 1808 Caesar
1189 1777 1278 1808 iubet
1303 1777 1387 1808 hunc
1410 1776 1557 1816 perferre

1094 1824 1286 1865 Tormenta3
1315 1825 1493 1857 includitur

1048 1919 1192 1951 Tandem
1203 1920 1296 1952 Vitus
1311 1929 1382 1952 cum
1396 1920 1557 1962 Modesto,

1048 1967 1233 1999 Crescentia
1257 1977 1331 1999 mox
1356 1968 1388 1999 in
1411 1968 1558 2000 modesto

1095 2013 1197 2055 Ligno
1222 2015 1487 2055 triumphaverat.

1049 2111 1169 2144 Caesar
1194 2109 1295 2151 fugit,
1329 2112 1432 2143 victus
1459 2113 1557 2153 mugit

1047 2158 1077 2190 A
1103 2168 1204 2198 parvo
1228 2160 1265 2197 it,
1291 2168 1326 2190 se
1352 2162 1502 2200 percutit.

1096 2208 1158 2239 Per
1183 2208 1329 2247 angelum
1355 2212 1514 2249 martyres

1044 2305 1187 2345 Corpora
1213 2307 1271 2338 sed
1296 2306 1475 2339 tutelantur

1044 2354 1188 2395 Angelis,
1215 2363 1296 2395 quae
1324 2355 1523 2388 tumulantur

1093 2403 1121 2434 A
1147 2403 1333 2445 Florentia;
1363 2408 1484 2436 taetras
