1655 2713
626 128 949 194 ¹-295—

569 276 637 308 333.
680 279 722 310 De
744 285 854 313 sancto
877 283 1073 316 Wunibaldo.

173 362 233 394 la.
266 362 320 394 Ad
347 363 462 397 altaris
489 366 691 402 sacra'menta
850 373 913 407 lb.
946 375 1010 407 Ubi
1037 376 1096 408 sub
1123 377 1216 417 panis
1243 378 1350 418 specie

269 410 316 443 Sit
326 421 387 444 vox
397 422 540 455 concor5‚
552 418 783 460 mensintenta‚
944 423 1071 464 Corpus
1098 425 1219 457 Christi
1246 427 1378 461 cottidie

316 460 365 493 Sit
391 463 481 501 pacis
507 466 691 506 concordia,
990 472 1125 505 Sacrant
1151 473 1249 506 verba
1276 476 1431 516 mystica;

171 541 230 573 2a.
261 542 399 574 Accedit
423 544 466 576 ad
493 546 685 580 elementum
845 552 907 586 2b.
941 555 992 586 Ad
1021 555 1117 586 talem
1145 556 1248 588 cibum
1275 561 1306 588 et
1332 561 1442 598 potum

266 589 416 633 Verbum,
433 592 470 624 fit
484 594 531 625 sic
545 602 781 630 sacramentum
941 602 1164 636 Wunebaldus
1190 614 1224 636 se
1252 605 1399 638 devotum

314 639 486 680 Sanguinis
514 643 678 679 salutaris.
988 650 1096 683 Sacris
1122 653 1252 684 exhibet
1278 655 1354 687 aris.

165 720 224 752 3a.
256 719 648 764 Hicquadratamponens
660 736 802 761 mensam
843 729 908 763 3b.
942 731 1033 764 Infra
1058 742 1151 766 sacra
1177 737 1329 775 mysteria

262 769 403 801 Vitalem
432 772 537 812 signat
563 782 735 814 expensam
939 779 1056 812 Divina
1082 782 1259 815 ministeria

310 818 468 856 Quattuor
493 821 685 864 virtutibus;
985 829 1092 860 Sensit
1121 831 1160 861 de
1186 833 1389 866 caelestibus.

163 898 224 930 4a.
259 899 376 940 Legem
404 901 463 933 sub
488 903 584 935 certis
611 905 743 944 regulis,
838 908 899 942 4b.
933 910 1023 942 Auro
1051 911 1221 945 conflatum
1249 915 1373 954 perfide

258 947 331 980 Non
358 949 390 980 in
417 951 522 982 saxeis
548 951 677 993 tabuliS,
935 958 1076 990 Vitulum
1105 961 1181 992 terit
1208 962 1317 1002 lapide

308 996 372 1028 Sed
398 998 429 1028 in
449 999 546 1031 corde
565 1001 773 1040 reproborum
981 1007 1147 1047 Frangens
1172 1015 1245 1042 vota
1261 1011 1470 1044 barbarorum

307 1043 553 1078 Scribitdocens
562 1048 644 1079 viam
654 1058 796 1090 morum;
984 1056 1025 1087 Et
1052 1057 1209 1088 culturam
1237 1059 1406 1095 idolorum,

157 1126 218 1157 53.
251 1125 350 1157 Redit
377 1127 490 1159 domus
517 1137 724 1170 exa-speram,
832 1133 894 1167 5b.
931 1136 1089 1176 Irriguum
1116 1140 1263 1178 superius

251 1174 373 1206 Pravos
397 1185 502 1208 mores
521 1182 769 1219 contemperans
931 1184 994 1216 Dat
1023 1190 1116 1225 pater
1142 1192 1173 1218 et
1199 1187 1344 1228 inferius,

298 1222 352 1254 Ad
386 1224 505 1256 cultum
531 1227 760 1267 omnipotentis
974 1233 1057 1264 Dum
1082 1235 1169 1276 luget
1194 1246 1250 1268 cor
1276 1240 1470 1277 paenitentis

300 1270 407 1303 Verbo
419 1277 492 1312 post
503 1277 625 1315 tergum
636 1278 794 1309 monentis
806 1290 813 1318 ;
977 1281 1029 1312 Bis
1038 1290 1261 1324 compunctum
1270 1287 1301 1318 in
1311 1287 1468 1324 lamentis,

150 1352 210 1384 62.
243 1351 346 1384 Natus
373 1355 457 1394 regis
484 1365 518 1387 se
545 1358 694 1390 servilem
821 1362 872 1393 ab
877 1388 1344 1402 .........

244 1399 343 1433 Dives
371 1403 478 1435 reddit
506 1408 538 1436 et
564 1406 679 1438 exilem

292 1450 423 1483 Intrans
449 1452 481 1483 in
509 1454 666 1489 exsilium.

915 1437 1344 1452 ........

976 1487 1344 1500 .......

150 1530 210 1565 72.
241 1531 380 1565 Recedit
405 1538 577 1576 manetque
601 1538 687 1574 talis,
829 1541 890 1574 7b.
925 1543 950 1576 Ο
978 1544 1143 1577 confessor
1170 1548 1222 1587 pie
1250 1548 1381 1591 Christi,

243 1580 288 1613 Ut
315 1581 357 1612 sit
383 1584 505 1614 sanctis
534 1587 728 1627 coaequalis7
923 1592 983 1632 Qui
1011 1599 1135 1625 certum
1165 1597 1248 1627 dien]
1270 1599 1439 1637 praescisti

289 1629 387 1661 Redit
414 1631 456 1663 ad
484 1633 607 1665 caelum
629 1636 763 1674 spiritus
972 1641 1020 1672 De
1047 1643 1135 1674 caelo
1163 1645 1207 1675 tui
1235 1646 1401 1686 transitus,

290 1677 465 1719 Manetque
491 1681 591 1721 signis
620 1683 760 1718 inclitus.
970 1689 1074 1722 Tuere
1100 1698 1226 1724 nostros
1256 1695 1371 1727 exitus.

196 1758 330 1793 Appeud.
354 1769 406 1787 ms.
429 1766 497 1796 post
518 1762 602 1790 Miss.
624 1765 778 1794 Benedict.
802 1768 870 1804 imp.
894 1770 998 1805 Spirae
1023 1770 1095 1799 1498
1117 1774 1303 1810 (Erlangenj.
1341 1792 1354 1794 —
1370 1776 1420 1810 2a,
1448 1776 1459 1805 l

118 1804 161 1830 sq.
190 1797 313 1824 Accedit
341 1800 462 1827 verbum
491 1801 528 1828 ad
556 1802 744 1838 elementum,
780 1806 811 1832 fit
839 1808 880 1835 ibi
915 1816 1142 1838 sacramentum.
1171 1829 1206 1832 —
1234 1812 1292 1846 (Ξῖ),
1323 1813 1341 1842 3
1370 1818 1461 1843 extri-

117 1834 226 1862 bearis.
251 1852 284 1856 —
307 1836 363 1871 5b,
385 1836 403 1866 3
424 1849 475 1866 cor
499 1843 711 1876 permittentis.
730 1860 766 1864 —
792 1844 842 1879 Ta,
863 1846 881 1874 4
904 1848 1014 1875 Manet.

581 1985 651 2017 334.
696 1987 737 2018 De
761 1997 820 2019 uno
843 1989 993 2030 Mar-tyre.

644 2079 675 2110 1.
703 2079 798 2111 Alme
824 2083 934 2113 mundi

118 2153 200 2186 v2a.
233 2154 370 2187 Creator
396 2160 493 2197 atque
521 2159 709 2200 redemptor
817 2163 878 2197 2b.
914 2165 1081 2199 Gloriosus
1109 2168 1196 2200 Deus
1223 2171 1329 2202 saecla

230 2203 325 2242 iuste,
354 2205 505 2238 maiestas
532 2216 666 2250 summa,
911 2223 1043 2246 manens
1071 2225 1129 2255 per
1155 2217 1292 2258 infinita,

135 2280 195 2314 3³.
227 2280 288 2320 Qui
315 2282 424 2314 choris
449 2283 627 2316 adornatus
815 2290 835 2323 3
851 2290 881 2323 b.
914 2291 957 2324 Ut
986 2291 1116 2324 fornace
1140 2299 1282 2326 retrusos

231 2330 386 2371 angelicis
911 2341 1074 2381 Aegyptia

231 2377 410 2420 horumque
435 2380 563 2421 pollens
589 2382 697 2426 laude,
909 2389 1034 2428 potenti
1061 2389 1201 2422 clemens
1228 2401 1323 2424 manu

232 2426 383 2467 dignatus
409 2437 444 2461 es
470 2430 614 2463 revisere
909 2436 1066 2469 liberares
1095 2439 1134 2471 de
1161 2440 1303 2472 tenebris

227 2473 338 2508 infima
363 2486 452 2518 rura,
908 2488 940 2517 et
966 2486 1078 2518 mortis
1105 2487 1229 2529 umbra,
