1655 2713
187 437 245 470 la.

610 329 656 362 6⁷.

283 435 431 468 Laudum
458 436 632 476 praeconia

282 485 413 517 Promat
438 493 498 524 per
522 485 629 517 omnia

279 533 387 565 Mater
413 533 560 573 ecclesia,

280 581 380 614 Sacra
405 580 575 613 sollemnia

278 628 361 661 Nam
387 632 499 660 assunt
524 629 633 662 hodie.

707 151 947 186 -69-

697 329 740 360 Do
761 330 871 360 saneta
893 328 1047 360 Barbara.

883 437 942 471 lb.

979 437 1076 469 Sidus
1102 438 1256 475 exoritur,

977 485 1167 526 Splendoris
1193 486 1308 527 gratia,

976 533 1098 565 Lumen
1124 534 1157 565 in
1184 533 1326 566 tenebris

977 582 1072 614 Orbis
1096 581 1286 622 degentibus

976 631 1014 662 In
1040 634 1152 661 sancta
1178 631 1334 663 Barbara.

181 736 242 768 2a.
279 734 390 766 Hostis
416 735 612 774 superbiam,
881 734 944 768 2b.
981 735 1087 767 Solem
1113 736 1254 767 iustitiae

278 782 393 815 Mundi
419 781 553 816 fastidia
978 783 1092 815 Colens
1119 784 1237 815 cotidie

278 829 448 871 Refutans‚
477 832 616 864 culmina
975 832 1144 871 Cordeque
1170 832 1275 863 animo

277 879 443 918 Quaesivit
469 883 592 920 gratiae
976 879 1092 912 Stabili
1119 880 1256 911 Domino

278 927 343 960 Sed
369 927 410 959 ab
437 927 593 968 infantiat,
976 929 1096 961 Parere
1122 928 1255 959 studuit.

181 1034 242 1067 3a.
277 1034 401 1073 Fulgor
425 1038 459 1066 ut
485 1034 598 1066 micuit
880 1035 942 1068 3b.
979 1035 1037 1067 Cui
1063 1034 1137 1065 hinc
1164 1033 1314 1073 apparuit

277 1082 417 1114 Lunaris
443 1081 538 1123 facie,
978 1083 1120 1122 Repente
1147 1082 1290 1121 angelus,

277 1130 373 1162 Turri
399 1140 492 1170 quam
520 1132 698 1164 incluserat
975 1131 1071 1163 Cuius
1098 1131 1188 1170 virgo
1215 1130 1321 1169 paruit

278 1179 378 1210 Pater
401 1179 588 1219 Dioscorus,
976 1179 1098 1211 Relatis
1125 1178 1231 1209 subito

279 1227 364 1259 Deos
389 1227 443 1267 qui
469 1228 579 1261 coluit.
976 1228 1025 1259 Ex
1053 1231 1119 1258 toto
1146 1227 1263 1259 animo.

181 1334 241 1365 4a.
276 1333 446 1365 Accedens
471 1333 572 1366 filiam
878 1334 940 1367 4b.
978 1334 1072 1365 Hanc
1098 1331 1206 1364 furens
1233 1332 1335 1363 bestia

280 1382 378 1413 Pater
404 1381 590 1423 Dioscorus,
974 1383 1148 1422 Quaerens,
1177 1390 1234 1412 cur
1259 1380 1347 1412 idola

277 1430 377 1468 Quam
404 1431 501 1470 plena
525 1431 630 1471 gratia
976 1430 1162 1469 Sperneret‚
1189 1438 1322 1460 munera

281 1478 392 1517 Unxit,
420 1479 474 1518 qui
500 1483 532 1510 et
557 1479 647 1511 idola
953 1477 1170 1511 -Conferrent
1197 1486 1268 1508 cum
1297 1477 1418 1516 optima

278 1526 454 1558 Destructa
479 1527 563 1559 vidit
589 1531 621 1558 et
648 1526 762 1561 fracta.
976 1526 1107 1558 Cunctis
1133 1525 1312 1556 colentibus
1339 1534 1386 1558 ea.

181 1633 242 1663 5a.
278 1631 376 1663 Diras
403 1641 466 1663 non
492 1632 606 1664 metuit
879 1631 941 1665 5b.
979 1631 1031 1663 Ad
1058 1635 1192 1662 mortem
1220 1631 1345 1670 rapitur

282 1680 408 1711 Poenas
434 1680 612 1720 angustiae,
975 1681 1132 1712 Innocens
1158 1679 1296 1720 agnella,

277 1728 396 1765 Regem
425 1729 481 1759 sed
508 1729 630 1768 gloriae
976 1728 1091 1761 Carnis
1118 1737 1199 1767 quae
1226 1732 1297 1767 post
1324 1727 1410 1758 bella

278 1777 411 1809 Amavit
436 1777 548 1808 sedule
977 1777 1093 1808 Mundi
1119 1785 1157 1807 ac
1183 1777 1289 1807 tristia

277 1825 390 1857 Dulcis
417 1825 613 1857 christicola.
975 1826 1079 1857 Intrat
1104 1825 1137 1856 in
1162 1824 1288 1864 gaudia.

181 1933 241 1965 fia.
277 1931 323 1965 Ut
347 1931 441 1964 nobis
467 1931 589 1964 tribuat
879 1932 942 1965 6b.
979 1932 1024 1965 Ut
1051 1931 1148 1967 virus,
1177 1939 1332 1962 nocuinen

976 1981 1106 2013 Partum
1133 1980 1166 2011 in
1193 1979 1347 2017 tenebris,

974 2028 1130 2061 Ablatum
1157 2029 1199 2059 sit
1226 2027 1328 2067 nobis,

976 2077 1124 2109 Concede
1150 2075 1279 2108 famulis

976 2126 1011 2156 In
1040 2125 1092 2157 die
1117 2125 1240 2156 ultima.

276 1980 408 2012 Peccati
435 1980 559 2012 veniam

278 2028 399 2061 Labem
425 2037 464 2060 ac
489 2029 603 2069 diluat,

275 2077 386 2110 Exora
410 2077 549 2109 iudicem

277 2125 479 2168 Supremum,
507 2125 671 2165 Barbara;

233 2240 397 2268 Collectan.
424 2249 477 2268 ms.
505 2239 668 2268 Altahense
688 2239 783 2276 (Sup.)
808 2242 878 2267 anni
902 2238 984 2267 1452.
1011 2240 1084 2267 Clm.
1107 2239 1262 2266 Monacen.
1288 2236 1374 2265 9508.
1397 2238 1434 2264 A.
1457 2252 1492 2256 —

154 2279 244 2307 Grad.
272 2288 324 2307 ms.
355 2279 384 2308 S.
413 2279 558 2315 Stephani
588 2280 757 2315 Augustani
786 2280 857 2306 anni
887 2277 968 2306 1527.
997 2279 1070 2306 Cod.
1097 2279 1194 2314 Capit.
1224 2281 1388 2313 Augustan.
1421 2275 1492 2303 2721.

155 2319 190 2346 B.
211 2333 248 2338 —
271 2316 324 2351 2a,
348 2317 368 2346 4
389 2318 472 2353 Quae
493 2318 550 2346 fuit
571 2319 606 2346 B.
628 2332 665 2337 -
687 2315 740 2350 3a,
766 2316 779 2345 l
804 2318 916 2354 Fulgur
939 2319 976 2351 133
998 2318 1098 2344 innuit
1118 2318 1151 2344 B.
1173 2331 1211 2335 —
1232 2315 1250 2343 3
1260 2317 1287 2347 b.
1312 2315 1323 2342 l
1347 2316 1402 2343 Cui
1424 2315 1493 2342 huic

157 2357 191 2384 B.
211 2372 250 2376 —
269 2356 323 2390 4²,
345 2355 362 2385 5
386 2358 546 2385 Destructa
566 2357 641 2385 fehlt
663 2357 695 2384 B.
718 2370 754 2375 -
775 2355 829 2390 4b,
851 2354 869 2384 2
892 2356 1004 2384 idolum
1026 2357 1060 2383 B.
1083 2371 1119 2375 —
1143 2354 1199 2385 4b.
1221 2353 1239 2382 3
1261 2355 1384 2381 numina
1401 2355 1432 2381 Α.
1455 2369 1492 2373 -

155 2394 209 2430 4b‚
230 2394 250 2424 4
269 2397 330 2424 sint
345 2396 458 2433 optima
472 2396 506 2424 Β.
521 2412 558 2416 -
580 2394 638 2429 4b,
661 2394 679 2423 5
694 2395 818 2423 Cunctis
832 2395 906 2424 fehlt
918 2395 976 2423 AB.
1002 2409 1035 2413 —
1053 2395 1105 2426 tia,
1127 2393 1146 2421 4
1162 2394 1275 2421 Exorat
1290 2394 1324 2421 A.
1349 2410 1377 2414 —
1399 2391 1452 2425 61),
1479 2392 1490 2421 1

156 2435 263 2463 nociva
283 2436 318 2463 A.
340 2450 376 2455 —-
397 2433 460 2468 fib,
488 2433 507 2462 2
530 2435 651 2463 Partem
673 2435 741 2470 AB;
770 2435 895 2462 interius
917 2435 951 2461 A.
973 2449 1010 2452 —
1031 2431 1090 2465 δὴ,
1118 2431 1136 2460 3
1158 2431 1295 2460 Ablatam
1319 2433 1358 2466 Α;
1380 2432 1489 2460 nobilis

156 2473 219 2502 AB.
241 2489 277 2494 —
297 2473 444 2504 Melodie:
466 2475 596 2502 Mittit
623 2473 669 2501 ad
696 2474 893 2510 virginem.
