1655 2713
655 134 917 170 —175—

120 233 165 268 10
175 242 205 266 a.
235 233 376 273 Propter
401 241 484 273 quae
509 232 615 273 ipsum

240 281 454 322 deprecemur
479 280 657 323 humiliter,

241 333 276 362 ut
302 338 362 369 pro
388 328 481 361 nobis

240 377 372 410 assistat
397 377 599 409 incessanter

818 231 863 264 10
874 230 906 266 b.

937 230 981 262 Et
1007 231 1042 260 ut
1068 227 1100 259 in
1127 226 1187 258 hac
1214 224 1298 256 valle

937 276 1086 310 miseriae
1113 279 1143 306 et
1170 274 1202 306 in
1229 272 1340 304 mortis

937 334 1038 366 agone

936 383 993 406 nos
1019 372 1150 404 adiuvet
1175 370 1325 402 libenter.

199 461 237 490 Se
259 465 339 490 uent.
362 471 413 489 ms.
436 471 501 490 cum
524 464 697 490 Commento
719 470 794 490 saec.
818 459 861 488 15.
883 459 954 488 Cod.
976 457 1201 485 wratislavien.
1224 456 1274 482 IV.
1298 456 1331 489 Q.
1354 453 1402 482 81.
1416 469 1452 473 --

120 501 166 530 23.
186 511 215 529 u.

262 502 280 529 b
303 501 368 528 sind
390 502 445 528 mit
459 502 516 529 Str.
542 500 555 528 l
578 501 654 529 ohne
669 502 778 529 Absatz
799 498 978 527 verbunden.
994 511 1030 515 —-
1045 494 1097 527 3a,
1119 494 1137 522 4
1152 504 1216 530 sqq.
1232 494 1310 530 quod
1327 494 1451 521 scientia

121 541 268 568 canoniea
289 549 355 568 eum
376 540 607 575 praeordinavit.
629 555 667 559 —
687 537 741 571 3b,
764 536 782 567 3
803 539 868 574 ipsa
889 545 957 564 suos
978 544 1131 571 pauperes.
1148 549 1183 552 —
1200 532 1255 564 4b.
1280 532 1293 559 1
1316 542 1358 568 sq.
1382 533 1452 559 totis

120 579 289 607 desideriis.
321 593 354 597 —
377 576 440 611 8b‚
467 577 486 606 4
512 579 679 606 clementer.
700 592 737 597 —
761 575 834 609 lOb,
862 574 881 603 4
909 575 1039 602 adiuvat.
1062 589 1097 593 —-
1121 573 1157 599 Je
1185 571 1202 599 2
1232 571 1453 607 Halbstropheu

122 619 235 646 reimen
257 619 361 645 immer
381 618 421 644 im
441 617 661 649 Schlussverse;
684 616 759 644 auch
780 614 936 643 innerhalb
956 613 1007 640 der
1022 611 1169 646 Strophen
1191 612 1269 646 zeigt
1294 610 1357 637 sich
1380 611 1453 637 &fter

121 658 172 684 ein
186 657 281 689 Reim,
303 657 359 684 wie
380 665 404 682 z.
421 656 454 683 B.
475 654 528 689 6a,
545 654 563 683 2
585 665 614 683 u.
638 655 671 690 53
692 653 744 686 61³,
765 651 783 682 3
803 662 830 680 u.
849 652 882 686 53
903 651 990 679 dabei
1006 651 1045 677 ist
1060 651 1155 685 wenig
1170 649 1333 677 Riicksicht
1349 649 1456 676 darauf

121 704 305 732 genommen,
329 695 366 722 ob
391 695 476 722 Reim
497 695 556 722 und
578 693 809 728 Versabteilung
829 691 881 718 der
900 689 1123 727 Gegenstrophe
1142 688 1216 715 dazu
1239 697 1354 723 passeri.

538 826 600 858 189.
643 826 684 857 De
706 826 818 856 sancta
838 823 1028 855 Katharina.

150 920 208 954 la.
240 919 403 952 Concinna

243 975 320 999 voce
345 966 547 998 modulemur

243 1014 468 1052 Katharinam,

242 1062 446 1102 conspicuam
472 1061 553 1092 mira

242 1109 442 1143 formositate
468 1109 633 1150 virginem,

147 1198 204 1230 2a.
235 1196 326 1229 Haec
351 1195 594 1228 adulescentula

239 1244 404 1286 perpetuis
430 1244 605 1275 undantem

241 1292 399 1325 scatebris
424 1292 541 1324 artium

241 1341 364 1382 potavit
391 1340 531 1374 laticem.

144 1420 206 1452 3a.
237 1418 406 1450 Tullianae
434 1417 518 1448 rivos

240 1466 453 1506 eloquentiae,

237 1518 414 1546 torrentem
441 1513 666 1545 Demosthenis

240 1566 371 1603 superat
395 1561 566 1604 facundia3

146 1642 208 1674 4a.
239 1640 323 1672 Nam
349 1639 506 1680 Platonis,

238 1687 426 1721 Aristotelis
452 1687 602 1729 dogmata

240 1738 273 1769 in
300 1737 350 1768 sui
376 1735 484 1768 cordis
511 1735 643 1777 gerebat

241 1785 322 1818 haec
344 1784 585 1825 penetralibus3

144 1865 204 1896 5a.
235 1863 377 1896 Miratur
403 1862 555 1894 occiduus

237 1912 296 1948 sol,
325 1910 454 1944 fervens
480 1913 660 1952 Aegyptus,

236 1959 353 1992 turifer

236 2008 355 2047 Arabs,
384 2008 499 2041 doctae
524 2008 672 2041 Athenae

239 2057 419 2090 doctrinam
446 2057 585 2097 puellae.

144 2135 203 2168 68.
233 2134 316 2168 Nam
343 2134 383 2167 ab
409 2134 525 2177 opifice
551 2136 650 2168 maris

237 2186 334 2224 atque
360 2187 467 2216 terrae
493 2184 634 2224 petendo

144 2308 204 2344 7a.

238 2232 360 2265 nullam
386 2233 510 2273 patitur
535 2233 710 2273 repulsam.

234 2309 310 2350 Ipse
336 2313 431 2351 pater
456 2310 625 2342 trisulcum

237 2358 343 2399 ignem
369 2358 502 2392 vibrans
528 2367 546 2391 e
571 2358 722 2402 nubibus,

239 2416 320 2448 quae
348 2407 449 2441 densa
475 2416 552 2440 axes
577 2406 758 2448 infringunt

237 2453 407 2504 grandine.
567 2451 570 2453 ’

842 914 903 948 lb.

840 1193 903 1228 2b.

842 1416 904 1449 gb,

841 1638 904 1671 4b.

843 1861 903 1895 5b.

842 2135 903 2170 6b.

843 2309 904 2346 7b.

933 914 987 946 Ad
1015 914 1081 946 Nili

936 961 1066 994 fecundi
1094 962 1176 993 ostia

935 1019 974 1042 ex
1002 1010 1102 1050 regali

934 1063 1038 1091 ortam
1065 1058 1230 1098 sanguine,
1260 1065 1330 1086 cae-

934 1107 1101 1138 licolarum
1126 1106 1210 1147 regis
1238 1109 1381 1144 nuptam.

936 1194 1018 1226 Nam
1044 1193 1202 1225 Maxentii
1229 1192 1335 1224 edicto

936 1252 953 1274 a
981 1242 1118 1274 diversis
1145 1247 1304 1273 terrarum

934 1291 999 1323 oris
1027 1290 1134 1321 citatis

935 1338 1117 1371 oratoribus

936 1416 1082 1448 Latentis
1109 1419 1242 1447 naturae

937 1465 1057 1504 peritos
1084 1473 1189 1495 rerum

937 1512 1097 1552 snpientia
1120 1512 1168 1543 sui

938 1561 970 1592 in
997 1566 1160 1600 stuporem
1188 1559 1357 1591 convertit.

935 1638 1131 1670 Mantuanus

937 1687 992 1718 ille
1020 1687 1124 1722 Maro,
1153 1690 1260 1718 vatum
1287 1685 1450 1724 princeps,

937 1745 971 1766 se
998 1735 1104 1767 iudice
1132 1733 1326 1766 carminibus

938 1784 1056 1816 victum
1083 1792 1116 1814 se
1144 1783 1282 1815 dicebat.

937 1862 1029 1894 Hanc
1056 1870 1221 1894 venerare.
1250 1861 1338 1892 cuius

937 1911 1111 1951 ingenuum
1139 1915 1251 1950 pectus

936 1960 1054 1991 artium

936 2008 1104 2044 bonarum,
1132 2005 1317 2050 [scientiae]

937 2057 1071 2089 incaluit
1097 2059 1196 2088 aestu.

936 2135 1032 2175 Ecce,
1061 2144 1180 2175 poenas
1207 2134 1353 2165 subitura

939 2184 999 2215 hac
1024 2184 1056 2214 in
1084 2183 1163 2215 rotis
1190 2182 1307 2222 rigenti

939 2232 1140 2272 exasperatis
1167 2230 1302 2270 chalybe

937 2310 1004 2342 Fae
1029 2318 1097 2351 age,
1127 2309 1212 2347 diva,
1241 2315 1422 2349 precamur,

939 2368 978 2391 ne
1005 2367 1063 2390 nos
1089 2357 1282 2398 sulphureae
1309 2355 1418 2397 Stygis

938 2407 1066 2439 flamma
1092 2406 1157 2438 suis
1184 2405 1337 2445 corripiat

935 2455 1074 2497 ignibus
