1655 2713
708 161 963 196 —126—

205 258 263 289 2a.
298 257 373 288 Post
401 258 520 290 catenis
547 259 700 298 religatur
892 259 953 292 2b.
989 259 1134 302 Plumbo,
1161 260 1326 303 sulphure,
1355 261 1473 301 resina,

298 305 341 336 Et
367 306 538 345 plumbatis
565 306 764 345 verberatur,
987 307 1072 350 Pice,
1100 308 1234 348 oleoque
1261 318 1335 342 cera

297 353 412 384 Manus
439 358 621 393 punguntur
645 354 775 393 aculeis,
986 355 1050 387 Hic
1075 355 1226 396 perfusus
1251 361 1317 390 stat
1342 358 1473 390 illaesus

344 401 464 432 Dentes
479 402 656 433 tunduntur
670 402 804 435 malleis.
1032 404 1094 436 Dei
1120 403 1222 437 fretus
1247 406 1363 446 gratia.

202 506 259 536 32.
293 506 386 537 Hunc
409 506 482 536 dum
501 506 582 545 ignis
599 507 679 538 nihil
697 507 801 547 laesit,
886 508 946 540 3b.
977 508 1076 549 Ergo,
1103 513 1231 550 martyr
1256 520 1274 542 o
1301 511 1448 553 benigne,

295 552 422 584 Christo
434 562 545 593 magna
556 554 647 593 plebs
659 555 816 597 adhaesit,
985 558 1183 590 venerantes
1209 562 1240 589 te
1266 559 1424 600 condigne

294 599 337 631 Et
363 600 392 630 in
419 602 538 640 templo
565 606 609 633 est
633 602 799 635 confracta
979 604 1135 637 Transfer
1161 609 1234 646 post
1260 606 1343 639 hanc
1361 607 1491 640 brevem

342 648 501 680 idolorum
528 654 643 683 statua.
1205 654 1302 686 vitam

1028 701 1079 732 Ad
1105 704 1266 733 aeternam
1294 703 1444 743 patriam.

247 798 335 824 Grad.
358 808 408 825 ins.
432 800 678 828 schaet'tlariensv
705 811 780 829 saec.
806 802 847 830 15.
870 804 943 831 Clm.
964 805 1118 832 Monacen.
1140 804 1250 834 23026.
1281 822 1314 826 ——
1343 805 1488 844 Mel‹›die::

173 835 323 862 Verbum
354 837 493 864 launum.

583 951 640 982 133.
685 953 725 982 lte
748 956 855 984 sancta
878 953 1065 986 Erentrnde.

193 1037 250 1068 la.
284 1037 351 1068 Vox
379 1039 509 1069 resultet
880 1044 940 1077 lb.
972 1044 1049 1076 Flos
1076 1046 1186 1077 mundi

333 1086 405 1116 novi
433 1088 580 1118 carminis
1021 1092 1094 1124 dum
1122 1096 1345 1138 contemnitur,

285 1135 370 1164 Ante
396 1133 521 1165 thorum
971 1140 1148 1180 Margarita

333 1180 524 1213 Erentrudis
550 1183 693 1222 virginis,
1020 1189 1099 1219 caeli
1125 1189 1165 1220 ab
1193 1190 1253 1221 hac
1278 1192 1454 1230 quaeritur,

332 1228 479 1260 Amatrix
505 1231 681 1269 sapientiae
1019 1236 1127 1268 Pretio
1153 1238 1331 1270 munditiae

332 1275 447 1314 Regem
475 1277 553 1308 adiit
580 1279 708 1318 gloriae.
1015 1285 1134 1323 Agrum
1162 1286 1237 1316 emit
1263 1287 1394 1326 gratiae.

188 1378 246 1410 Za.
281 1379 363 1409 Vere
389 1380 521 1418 pulchra
875 1386 936 1419 2b.
968 1387 1086 1419 Femur
1112 1390 1213 1421 cinxit

329 1431 363 1457 ut
388 1427 463 1459 luna
490 1429 693 1467 describitur,
1016 1437 1144 1468 virtutis
1170 1438 1288 1478 gladio,

279 1475 307 1505 A
335 1474 502 1507 Rudberto
970 1482 1174 1516 Circumdata

329 1522 492 1554 sodalibus
520 1525 714 1568 praeficitur,
1017 1532 1150 1570 pudoris
1180 1534 1290 1572 pallio,

280 1569 395 1600 Forma
422 1571 506 1602 vitae
969 1579 1153 1618 Pugnatum

326 1617 374 1647 liis
402 1617 543 1650 efficitur
1016 1626 1048 1658 in
1075 1627 1134 1659 hoc
1160 1629 1266 1660 stadio

371 1665 506 1698 Doctrix
531 1667 623 1700 bona.
1065 1675 1126 1707 Pro
1153 1685 1280 1710 corona.

180 1768 238 1799 32¹.
272 1767 332 1807 En,
362 1769 478 1801 dilecta
869 1778 929 1811 3b,
962 1779 999 1810 In
1026 1780 1176 1819 amplexu

325 1816 444 1847 dilecto
470 1818 620 1858 iungitur,
1012 1827 1058 1858 sic
1083 1828 1192 1867 sponsi
1218 1829 1334 1870 iugiter

275 1863 364 1894 Inter
391 1874 478 1896 rosas
962 1874 1057 1906 Caste
1085 1875 1205 1918 haeret,

326 1916 356 1942 et
382 1912 449 1944 lilia
476 1915 629 1953 pascitur,
1008 1924 1175 1956 vulnerata
1201 1926 1353 1969 suaviter,

273 1958 354 1990 Fide
380 1962 545 1999 quaeritur
962 1971 1152 2002 Possidetur

322 2011 353 2037 et
379 2009 539 2047 reperitur
1010 2019 1071 2049 iam
1099 2021 1307 2053 aeternaliter

371 2054 463 2087 Salus
490 2066 574 2090 vera.
1061 2067 1128 2099 Pax
1154 2077 1252 2101 mera.

177 2160 236 2191 «la.
270 2159 365 2197 Quasi
393 2161 507 2193 cedrus
866 2169 926 2202 4b.
959 2171 1028 2204 Vox
1056 2181 1126 2204 cum
1153 2177 1245 2205 sonat

320 2217 472 2247 processu
498 2213 651 2251 temporis
1010 2220 1150 2252 clamore
1177 2222 1285 2254 valido

272 2254 419 2288 Frondes
445 2257 569 2297 profert
966 2267 1128 2310 „Sponsus
1156 2270 1262 2301 venit“

319 2303 462 2337 immensi
490 2306 625 2349 roboris,
1007 2321 1181 2348 occurrunt
1207 2318 1364 2359 candido;

270 2350 410 2384 Massam
438 2362 559 2393 ponens
959 2363 1089 2396 Castam
1114 2370 1201 2397 amat

319 2401 448 2432 tandem
473 2401 566 2434 huius
593 2405 736 2444 corporis
1005 2422 1114 2445 amore
1141 2414 1246 2447 solido

364 2449 489 2481 Victrix
516 2452 638 2485 mortis.
1057 2461 1143 2493 Deus
1169 2461 1273 2495 fortis.
