1655 2713
164 344 222 376 la.

164 537 224 569 2a.

165 730 223 762 3a.

165 923 224 953 4a.

164 1115 226 1147 5a.

161 1307 224 1338 6a.

164 1498 222 1530 7a.

163 1691 225 1723 8a.

158 1885 219 1917 9a.

691 150 929 186 -27-

594 259 642 290 20.
687 260 728 291 De
748 260 858 290 saneto
879 257 1018 298 Aegidio.

258 343 366 386 Salve,
406 345 486 381 dies,
515 354 608 385 quam
635 346 777 378 sacravit

256 392 364 424 Morte
392 401 450 424 sua
476 397 508 424 et
534 393 658 425 dotavit

306 440 426 472 Beatus
453 441 620 481 AegidiuS.

260 536 346 568 Huic
372 537 494 568 caelum
520 537 714 577 gratulatur,

260 586 298 618 In
324 585 385 617 boc
411 584 494 617 festo
520 586 713 617 iucundetur

306 634 449 666 Mundus
476 642 554 665 voce
580 634 704 666 melica.

259 729 387 761 Morsus
423 729 535 771 anguis
559 729 612 761 hic
637 729 772 768 curavit,

259 777 334 810 Solo
361 778 458 809 verbo
485 778 539 817 qui
563 777 690 809 sanavit

308 827 483 865 Arreptum
511 826 690 858 daemonio.

262 921 368 952 Extra
386 921 497 952 mundi
515 925 637 951 suetum
653 929 773 952 morem

262 969 328 1000 Iste
355 967 432 1000 fecit
457 977 674 1000 successorem

311 1016 472 1048 Christum
498 1017 695 1057 patrimonii.

262 1113 313 1145 Ex
340 1121 402 1152 quo
429 1112 527 1144 vestis
554 1117 602 1143 est
628 1112 752 1151 induta,

263 1161 362 1201 Aegri
389 1161 476 1192 salus
502 1164 550 1192 est
577 1164 686 1192 secuta

307 1209 436 1241 Meritis
460 1209 600 1249 Aegidii,

258 1306 352 1344 Aqua
384 1309 470 1336 mota
495 1305 528 1336 in
556 1305 665 1336 divina

256 1354 358 1385 Prece
384 1363 442 1384 sua
468 1354 656 1393 cupressina

305 1401 399 1433 Mare
424 1402 497 1433 tulit
524 1402 616 1434 ostia.

257 1497 373 1530 Carolo
400 1498 561 1538 quoddam
590 1502 757 1537 peccatum

258 1545 348 1577 Nulli
375 1555 515 1585 unquam
543 1546 719 1577 revelatum

305 1593 434 1625 Dimitti
459 1594 612 1633 obtinuit,

261 1690 322 1722 Est
348 1689 442 1722 etiam
471 1690 564 1722 nobis
591 1691 699 1721 datum

260 1738 363 1770 Huius
386 1747 483 1778 prece
501 1739 617 1770 donum
638 1743 774 1780 gratum,

308 1787 411 1826 Quod,
438 1787 466 1819 si
492 1788 563 1827 quis
591 1787 772 1827 deliquerit,

258 1883 364 1916 Multa
391 1883 519 1924 quidem
546 1887 578 1915 et
603 1884 668 1916 alia

256 1931 349 1964 Fecit
375 1933 438 1964 iste
464 1933 624 1975 prodigia,

305 1982 392 2021 Quae
406 1985 482 2013 nota
492 1986 564 2013 sunt
577 1981 772 2022 petentibus.

863 344 924 379 lb.

959 343 1057 378 Chori
1085 351 1162 375 voce
1189 351 1301 374 vocum
1329 342 1429 373 melos

957 393 992 424 In
1021 393 1079 424 hae
1106 391 1158 423 die
1184 395 1294 430 tangat
1323 390 1428 421 caelos

1003 440 1105 472 Solito
1132 440 1287 471 devotius.

864 536 927 570 2b.
964 538 1024 569 Per
1058 536 1205 567 caelestis
1233 535 1347 574 plagae
1374 534 1469 565 clima

858 728 921 762 3b.

858 920 920 953 4b.

861 1112 922 1146 5b.

859 1304 920 1339 6b.

862 1497 924 1530 7b.

862 1690 925 1723 Sb.

859 1884 923 1918 9b.

957 584 1201 618 Condescendat
1229 583 1289 614 huc
1315 583 1357 614 ad
1384 583 1446 613 ima

1008 633 1121 665 Virtus
1148 632 1250 672 patris
1277 631 1408 663 caelica.

957 729 1110 760 Rectores
1138 736 1310 759 concussae
1337 727 1426 767 ratis,

955 776 1120 808 Liberavit
1148 776 1237 807 exsul
1265 775 1364 814 gratis

1003 825 1033 856 A
1060 825 1157 855 maris
1184 822 1352 864 naufragio

958 920 1019 951 Hic
1032 920 1158 951 telluris
1173 920 1313 950 reddens
1330 917 1466 950 fructum

956 968 1077 999 Terrae
1105 968 1255 1007 sepelivit
1284 968 1403 997 luctum

1004 1015 1122 1047 Gratus
1147 1016 1181 1047 in
1211 1015 1345 1048 viciniis.

958 1112 1052 1144 Hunc
1074 1112 1283 1144 Nemacensis
1310 1111 1468 1152 principis

955 1160 1121 1192 Celebrem
1150 1160 1227 1192 fecit
1253 1160 1381 1199 populis

1005 1209 1173 1240 Suscitatis
1201 1209 1268 1240 tilii.

960 1305 1074 1336 Febris
1103 1310 1231 1337 curator
1257 1305 1403 1341 anhelae,

955 1354 1052 1392 Quem
1081 1354 1169 1394 pavit
1196 1354 1355 1384 silvestris
1382 1352 1469 1384 ferae

1003 1401 1110 1433 Laetis
1137 1402 1298 1434 alimonia.

956 1498 989 1529 Si
1017 1497 1058 1529 ab
1086 1507 1122 1529 eo
1148 1497 1344 1540 abstine1·et;

957 1547 1096 1585 Propter
1123 1547 1218 1587 quod,
1240 1555 1278 1577 ne
1298 1551 1469 1585 repeteret,

1006 1594 1186 1626 Salubriter
1221 1594 1305 1625 hunc
1337 1595 1470 1625 monuit.

962 1691 1011 1723 Sit
1034 1691 1235 1722 commissum
1256 1691 1470 1722 condonatum

958 1740 1149 1780 Paenitenti,
1178 1740 1205 1770 si
1231 1745 1396 1779 peccatum

1008 1788 1103 1821 Ultra
1131 1796 1191 1819 non
1220 1789 1426 1821 commiserit.

960 1885 1050 1924 Quod
1078 1895 1237 1926 rogamus,
1266 1891 1298 1917 ut
1327 1886 1471 1925 praemia

955 1933 1058 1965 Nobis
1086 1934 1156 1965 dari
1184 1934 1339 1973 perennia

1005 1983 1161 2022 impetret
1189 1983 1221 2013 in
1249 1982 1453 2014 caelestibus.

211 2067 294 2094 Miss.
319 2067 478 2095 Briocense
509 2068 578 2103 imp.
601 2068 781 2103 Rothomagi
803 2077 826 2095 s·
848 2076 874 2095 a.
899 2066 1024 2104 [150222]
1046 2069 1079 2095 Α.
1102 2083 1138 2086 -
1161 2069 1243 2095 Miss.
1268 2068 1470 2095 Maeloviense

132 2107 201 2142 imp.
224 2105 405 2142 Rotbomagi
429 2105 512 2134 1503.
535 2107 566 2134 B.
588 2121 627 2126 —
648 2106 701 2140 2a,
722 2104 740 2134 3
763 2107 881 2134 mellica
903 2109 963 2134 ΑΒ,
986 2122 1022 2125 -
1044 2106 1096 2139 31),
1123 2106 1133 2134 l
1158 2111 1348 2134 concusserat
1370 2108 1394 2133 is
1412 2107 1470 2133 AB.

131 2144 184 2178 4a,
212 2143 225 2172 l
242 2145 335 2172 Extra
353 2149 527 2174 consuetum
545 2154 655 2174 morem
671 2147 704 2173 Α.
721 2162 756 2166 -
778 2144 832 2178 4b,
855 2146 872 2172 2
888 2147 981 2173 lutum
1000 2147 1060 2174 AB.
1076 2161 1112 2165 —
1131 2145 1183 2178 6¹»,
1211 2146 1220 2172 l
1239 2146 1344 2173 hanele
1360 2147 1419 2172 AB.
1435 2160 1472 2163 —-

131 2183 185 2217 6b,
207 2182 225 2211 2
246 2192 334 2220 quam
356 2185 414 2212 AB.

613 2279 656 2310 21.
698 2279 741 2310 De
763 2280 875 2310 sancta
896 2278 984 2310 Afra.

136 2371 195 2404 la.
232 2370 258 2404 Ο
285 2379 381 2411 quam
409 2369 488 2403 felix
515 2370 585 2403 dies
610 2370 682 2409 iste,

228 2420 268 2452 In
288 2428 351 2460 quo
371 2428 486 2451 nomen
505 2423 606 2459 tuum,
634 2418 773 2458 Christe,

278 2467 476 2501 Declaratur
502 2467 651 2509 dulciter,

837 2370 852 2402 1
867 2369 897 2402 b.
935 2369 1069 2402 Praesul
1082 2369 1197 2409 dignus
1210 2369 1283 2400 dum
1296 2369 1467 2401 Narcissus

932 2419 962 2450 A
989 2423 1020 2449 te
1048 2418 1181 2448 caelitus
1208 2422 1257 2448 est
1282 2419 1398 2449 missus

982 2469 1160 2507 Augustam
1188 2464 1338 2499 feliciter.
