1655 2713
164 249 234 282 22.
269 249 367 291 Rosa,
393 252 499 291 gaude
522 251 640 286 florida

270 298 406 337 speciali
431 300 548 341 gratia,

266 347 448 386 pneumatis

268 393 353 425 douo
378 399 520 435 rorante,

267 449 351 481 quae
377 442 458 474 caeli

268 489 418 521 machina
443 491 582 522 mirante

267 536 365 569 fidem
395 546 430 570 es
454 538 548 570 unius

268 585 330 618 Dei
355 586 486 627 adepta.

167 707 230 739 3a.
268 707 356 747 Quae
382 707 487 738 sciens
514 706 688 739 Dioscorus

266 755 433 796 satagebat

267 803 356 835 illam
371 804 527 844 perdere;
548 802 658 846 (haec)
672 803 785 836 illaesa

267 860 326 891 per
351 852 465 884 turrim

267 899 385 931 montis
412 901 577 933 cacumine
603 910 637 933 se

267 947 403 988 optabat
428 949 608 982 recludere.

166 1069 227 1102 4a.
266 1069 404 1110 Captiva
435 1069 551 1101 sedens

267 1116 471 1150 confortatur

266 1175 327 1206 per
351 1166 519 1206 angelum;

267 1217 341 1255 post
370 1215 450 1246 haec
478 1215 620 1246 vestibus
647 1216 769 1248 nudata

268 1261 384 1294 ferreis
411 1263 540 1296 iubetur
565 1264 656 1295 uncis

269 1310 479 1343 confricando
506 1312 654 1351 lacerari,

159 1433 227 1464 5a.
266 1430 489 1471 Lampadibus

265 1483 338 1520 post
365 1479 445 1511 haec
470 1480 593 1519 uritur3

265 1527 418 1559 abscissis
445 1528 591 1560 mammis

266 1580 365 1616 caput
391 1577 600 1608 contunditur

266 1622 441 1665 ferociter;

265 1676 343 1704 tunc
368 1674 436 1704 eius
463 1672 597 1704 cerebro

260 1730 359 1753 nares
385 1719 564 1761 perfluente

265 1770 396 1801 videtur
423 1769 517 1801 dolor
542 1770 645 1802 maior

259 1818 344 1850 addi
370 1818 533 1858 prioribus
561 1819 746 1851 Clamantes

266 1867 400 1908 virginis
430 1876 550 1908 poenas

262 1915 335 1948 imis
362 1915 460 1948 corde
488 1916 632 1948 recolite.

157 2040 227 2072 ·6a.
266 2037 328 2070 His
356 2037 453 2070 dictis

262 2090 349 2118 tecta
359 2097 368 2128 ς
397 2086 515 2118 dehinc
547 2085 723 2119 frementer

263 2139 314 2167 est
339 2135 534 2167 sententiata

267 2192 327 2225 per
352 2187 496 2224 patrem-

258 2241 325 2273 que
351 2232 557 2272 apprehensa
583 2230 658 2262 fune

257 2281 309 2312 sic
335 2281 529 2313 miseranter
557 2279 646 2312 dicta

258 2329 331 2361 sine
357 2329 481 2370 pietate
507 2328 623 2369 morti;

260 2386 458 2419 cognoscens

261 2426 377 2459 orabat
402 2425 450 2458 sic
476 2425 610 2458 dicens:

257 2475 310 2518 „O
335 2475 419 2517 Iesu,
450 2482 505 2506 rex
534 2473 628 2511 bone,

699 157 932 193 -73-

873 707 935 740 3b.

869 1071 928 1104 4b.

870 1431 932 1465 5b.

872 2038 936 2070 6b.

873 253 938 287 2b.
972 253 1132 293 Angelum
1158 262 1218 293 per
1243 255 1290 285 sic
1317 254 1413 286 docta

967 301 1110 333 animosa
1136 301 1244 340 patria

967 349 1055 380 idola

967 395 1032 428 fide
1061 394 1269 439 [con]terens‚

968 444 1160 476 conculcans

967 493 1127 533 simulque
1153 501 1311 532 spernens
1341 494 1421 525 iram

967 549 1000 571 es
1028 541 1171 572 eiusdem
1200 541 1278 573 dicti

967 593 1148 621 consecuta.

972 710 1040 747 Qua
1066 718 1142 740 vero
1169 710 1298 741 inventa

970 766 1028 796 per
1055 758 1190 798 capillos

967 805 1093 845 rapitur
1119 806 1356 845 crudeliterque

967 853 1130 893 sauguinis

970 900 1126 932 fusionem
1153 900 1314 941 flagellum

968 958 1026 989 per
1052 959 1162 981 acrum
1189 950 1404 989 consequitur.

968 1071 1052 1102 Hinc
1084 1069 1147 1112 [in]
1175 1079 1336 1102 carcerem

966 1119 1111 1150 sauciata

967 1167 1165 1207 recluditur3

967 1224 1025 1256 per
1052 1216 1214 1247 Christum
1243 1220 1291 1246 est
1321 1215 1449 1247 visitata

967 1273 1026 1304 per
1052 1273 1186 1305 eumque
1212 1264 1372 1304 pristinae

967 1313 1098 1344 sanitati
1123 1313 1274 1344 solidata,

968 1432 1167 1469 Marcianus,

967 1481 1041 1511 dum
1067 1490 1129 1512 non
1157 1480 1296 1521 proficit,

966 1529 1084 1560 nudam
1112 1529 1205 1559 iussit
1232 1538 1290 1568 per

965 1577 1139 1615 civitatem,
1167 1586 1276 1609 omnes

966 1634 1025 1664 per
1052 1625 1176 1664 plateas

966 1673 1050 1705 trahi
1077 1672 1282 1713 flagellando,

969 1722 1026 1753 illa
1053 1722 1271 1753 exclamante:

975 1770 1133 1810 „Domine
1161 1770 1257 1808 Deus,
1286 1775 1356 1811 tege

967 1817 1189 1859 pudicitiam.“
1245 1820 1352 1859 Favc,
1382 1820 1486 1861 virgo,

969 1877 1026 1898 nos
1057 1867 1121 1899 tuis
1147 1868 1249 1899 sacris

969 1916 1092 1947 meritis
1120 1916 1233 1956 dignos
1260 1915 1358 1948 effici.

973 2037 1115 2070 Obsecro

967 2086 1093 2123 devote,
1122 2090 1156 2118 ut
1181 2087 1361 2126 quicunque

968 2135 1029 2165 mei
1057 2135 1247 2166 recordatus

967 2181 1076 2220 fuerit,

967 2239 1074 2262 veram
1103 2230 1338 2263 contritionem.

967 2288 1081 2318 puram
1109 2276 1354 2319 confessionem,

966 2331 998 2358 et
1024 2322 1156 2370 [saneti]
1183 2326 1327 2365 corporis
1355 2326 1406 2356 tui

967 2374 1119 2414 consequi

968 2423 1073 2454 valeat
1100 2419 1279 2454 effectum.“

969 2472 1047 2504 Post
1073 2470 1153 2502 haec
1180 2470 1351 2504 decollata.
