1655 2713
683 165 947 202 —289—

152 246 238 280 loa.
271 249 315 282 Ut
340 253 501 292 repellant
527 262 716 302 potestates,

275 297 344 330 Hos
371 310 529 345 rogemus,
557 308 712 342 sanitates

322 347 399 380 Cum
428 349 557 386 fortuna
582 355 765 402 impetrent,

849 267 891 300 10
902 267 931 302 b.
963 270 1006 302 Et
1015 275 1090 310 post
1098 277 1233 305 mortem
1243 284 1300 307 nos
1311 276 1353 308 ad
1364 278 1472 316 polum

964 318 1088 362 iuvent,
1116 325 1152 353 ut
1173 331 1339 356 cernamus
1357 326 1471 370 solum,

1012 368 1049 400 In
1084 379 1145 409 quo
1177 376 1288 404 cuncta
1316 373 1473 408 relucent.

223 450 307 479 Miss.
330 463 382 481 ms.
400 456 612 493 Hospitalense
634 465 703 491 anni
728 464 810 494 1427.
825 468 897 496 Cod.
915 470 1038 499 Paulan.
1062 473 1106 501 26.
1129 474 1152 502 1.
1172 476 1209 508 (9.
1229 478 1346 514 Hospit.
1362 482 1467 509 memb.

145 485 183 520 7.)
204 489 239 516 A.
261 505 297 510 —
319 492 402 520 Miss.

147 525 159 553 l
191 527 344 558 duodenus
365 533 428 560 AB.
468 550 479 552 ἡ
510 536 549 564 lb

142 563 201 598 3³,
232 565 250 594 2
271 568 347 597 hanc
377 571 451 599 fehlt
471 574 531 602 AB.
556 592 587 595 —
612 577 664 611 51),

427 505 479 523 ms.
502 499 604 527 ineert.
621 503 726 538 origin.
749 512 825 533 saec.
851 506 895 534 15.
911 509 975 536 Clm
998 512 1151 541 Monac-en.
1173 513 1209 542 23
1219 514 1283 544 272.
1308 533 1342 536 —
1367 520 1397 546 Β.
1423 519 1466 553 lb,

558 558 564 569 ‚
592 538 610 566 3
632 541 720 579 Hunc
747 544 821 571 fehlt
850 547 882 573 B.
905 561 942 566 —
963 547 1022 583 2b,
1050 550 1067 577 2
1089 554 1239 581 convaluit
1261 559 1329 583 tunc
1350 559 1409 585 AB.
1432 573 1468 577 —

691 579 709 607 3
734 583 816 610 miris
839 585 934 613 sidere
954 588 1013 616 AB.
1037 605 1072 609 —
1097 592 1150 624 δὴ,
1173 591 1190 619 2
1211 596 1353 629 Aperuoit
1374 606 1404 623 se
1426 598 1468 631 A?

147 604 300 640 Aparvoid
321 609 355 635 Β.
378 625 413 630 -
437 610 489 645 9b,
511 612 528 641 3
550 616 573 642 A
596 616 711 645 florenti
737 624 833 648 ateras
855 624 888 650 Β.
910 639 946 643 -
972 625 1039 660 lOb,
1067 627 1079 655 1
1103 630 1187 664 polos
1210 630 1247 659 Α.

576 789 642 820 326.
687 791 728 822 De
749 796 858 826 sancto
885 796 1029 830 Viviano.

162 888 222 920 la.
256 891 291 922 ln
324 892 444 926 honore
472 896 596 929 Viviam'

258 938 487 975 Sollemnizent
513 945 679 980 christiani

305 987 405 1020 Grata
435 991 548 1024 dantes
574 996 713 1038 gaudia;

154 1100 215 1133 2a.
248 1101 337 1134 Sicut
370 1106 463 1144 spina
497 1108 622 1147 profert
658 1121 763 1145 rosam

250 1149 326 1181 Sine
352 1153 454 1192 spinis
480 1157 671 1196 speciosam,

297 1197 383 1231 Gens
409 1210 537 1244 pagana
562 1208 717 1250 p1·otulit;

141 1312 202 1345 3a.
236 1313 407 1356 Postquam
435 1318 520 1352 filius
547 1325 689 1363 nequivit

239 1362 325 1403 Dici,
350 1365 399 1397 ius
426 1367 510 1399 hunc
536 1371 692 1405 stabilivit

282 1411 484 1448 Xanctoniae
511 1420 669 1456 comitem.

140 1525 161 1556 4
173 1533 201 1557 a.
232 1526 386 1568 Pompam
398 1539 554 1572 spernens
564 1538 761 1571 saecularem

233 1574 353 1616 Togam
382 1581 477 1611 vestit
501 1584 680 1624 regularem

277 1624 384 1657 Tonso
411 1631 500 1661 crine
528 1633 654 1672 eapitis.

133 1739 192 1772 5a.
224 1739 329 1781 Legit,
357 1745 466 1776 studet
492 1747 525 1778 in
553 1749 682 1792 divinis,

228 1788 329 1822 Vacat
355 1792 462 1826 missis
487 1798 662 1838 matutinis,

274 1839 394 1879 Egenis
421 1846 626 1884 compatitur.

126 1953 186 1987 Ga.
220 1954 338 1995 Bonus,
367 1958 449 2000 pius,
478 1968 673 2005 mansuetus,

218 2004 408 2039 Indiscretis
436 2010 487 2041 vir
513 2011 672 2046 discretus

265 2053 417 2096 Refulget
444 2058 627 2096 virtutibus,

118 2166 178 2201 7a.
208 2169 259 2202 Ad
295 2170 380 2204 hunc
411 2175 542 2207 veniens
569 2177 728 2218 leprosus.

214 2217 289 2260 Ore,
317 2221 417 2254 corde
444 2223 643 2267 lacrimosus,

261 2267 335 2300 Voti
363 2279 493 2312 compos
520 2275 655 2309 exstitit.

112 2383 173 2416 8a.
206 2383 286 2416 Orat
311 2388 452 2426 praesul,
481 2390 664 2430 exauditur,

205 2432 259 2466 Ab
284 2435 408 2476 angelis
434 2437 511 2470 urbs
538 2440 681 2473 munitur

242 2481 461 2518 „Armatorum
488 2488 614 2532 specie;

142 2538 275 2569 Blume,
293 2541 464 2572 Sequentiae
480 2545 609 2570 Ineditae
626 2547 675 2572 1x.

858 907 874 938 1
891 906 920 939 b.
956 909 1157 944 venerentur
1184 920 1213 945 et
1242 916 1425 949 collaudent

952 956 1185 997 Confessorem,
1202 963 1232 993 in
1247 973 1308 1002 quo
1318 966 1457 1003 gaudent

999 1006 1090 1038 Fidei
1119 1011 1301 1045 concordia.

851 1118 870 1150 2
882 1117 912 1150 b.
946 1119 1039 1152 Hunc
1051 1125 1167 1162 regalis
1178 1127 1277 1165 stirps
1288 1128 1452 1169 produxit⁷

944 1168 987 1199 Et
1016 1170 1055 1201 de
1081 1178 1174 1203 nocte
1201 1174 1253 1205 lux
1277 1176 1383 1208 illuxit

990 1217 1196 1260 Obscuraque
1224 1225 1390 1264 reppullit.

842 1332 860 1362 :3
873 1331 904 1364 b.
936 1333 998 1365 Sed
1032 1342 1237 1370 contemnens
1264 1343 1447 1375 comitatum

937 1382 1051 1414 Totum
1079 1386 1147 1426 figit
1174 1389 1356 1421 anhelatum

983 1432 1035 1463 Ad
1062 1435 1207 1473 polorum
1237 1438 1379 1472 limitem.

832 1543 895 1577 4b.
928 1545 1016 1588 Lege
1043 1548 1102 1580 Dei
1130 1552 1314 1592 meditatur,

928 1593 1046 1627 Beatus
1072 1598 1122 1629 vir
1149 1601 1309 1634 vocitatur

974 1643 1036 1675 Pro
1063 1646 1138 1678 fidei
1165 1650 1298 1684 meritis

828 1755 890 1791 5b.
923 1758 1046 1792 Tantae
1070 1761 1195 1803 fulgens
1221 1768 1402 1800 sanctitatis

925 1807 1164 1844 Xanctonensis
1191 1815 1330 1848 civitatis

973 1857 1123 1892 Pontifex
1153 1864 1337 1899 assumitur.

822 1970 884 2004 6b.
918 1973 1000 2006 Nam
1026 1985 1160 2016 puerum
1189 1983 1398 2025 exspiratum,

913 2023 943 2054 A
968 2024 1077 2064 vipera
1105 2029 1281 2062 sauciatum

964 2072 1063 2105 Tollit
1091 2077 1203 2108 mortis
1230 2080 1399 2113 morsibus,

817 2184 878 2220 7b.
910 2188 1030 2220 Aridus
1059 2190 1228 2225 habentem
1256 2205 1368 2228 manus

911 2236 1008 2278 Signo
1035 2241 1139 2272 crucis
1167 2242 1320 2275 Vivianus

959 2286 1113 2326 Sospitati
1142 2293 1316 2329 praestitit.

809 2398 871 2432 8b.
905 2402 990 2433 Visis
1018 2402 1116 2436 Gothi
1143 2411 1359 2451 revertuntur,

903 2450 1039 2490 Quidam
1063 2453 1150 2486 unda
1168 2455 1418 2500 submerguntur

953 2499 1092 2534 Timoris
1118 2504 1271 2543 pernicie.

1222 2562 1256 2590 19
