1655 2713
656 168 920 204 —181—

146 256 207 289 2a.
238 255 302 288 Per
327 260 359 289 te
385 259 516 292 student
539 263 711 306 sapientes,

240 305 303 338 Per
311 309 343 337 te
351 305 482 340 Christo
493 310 628 343 credunt
635 316 756 352 gentes.

241 352 360 385 Manus
387 355 476 388 cuius
503 357 701 392 confidentes

291 401 440 435 Laudent
465 408 682 447 puerperium.

144 492 203 526 38.
236 492 362 533 Corpus
389 503 514 528 caesum
539 497 589 529 lac
608 499 750 541 decorat,

239 539 430 582 Sepulcrum
456 544 579 585 liquore
606 552 704 589 rorat,

237 588 330 628 Quod
354 594 532 625 transvexit
560 601 589 626 et
618 595 751 630 honorat

286 639 484 679 Angelorum
511 643 610 676 curia.

842 268 904 302 2b.
936 270 1036 302 Prece
1063 273 1149 301 rotas
1177 269 1363 307 dissolvisti,

938 318 1031 350 Vires
1057 318 1142 358 regis
1168 318 1347 350 contrivisti

934 366 977 399 Et
1004 366 1132 406 reginae
1158 366 1319 398 contulisti

987 414 1092 446 Vitam
1118 417 1149 446 et
1175 414 1355 455 imperium.

839 503 902 537 3b.
933 505 1008 543 Ora,
1037 505 1136 546 virgo,
1163 505 1391 548 supplicamus,

933 553 980 586 Ut
1005 553 1036 585 in
1062 553 1190 585 Christo
1217 554 1263 585 sic
1287 554 1440 593 vivamus,

933 600 1024 640 Quod
1035 610 1093 640 per
1103 601 1265 634 Christum
1277 604 1442 642 capiamus

987 649 1188 689 Sempiterna
1214 651 1341 690 gaudia.

194 728 278 756 Orat.
307 738 361 756 ms.
389 730 599 768 Ellwangense
628 742 704 761 saec.
736 733 780 763 15.
807 735 877 763 cod.
900 738 1111 774 Stuttgardien.
1144 739 1187 766 lb
1209 738 1255 767 91.
1278 755 1314 758 —
1340 740 1399 774 lb,
1429 740 1447 769 2

120 766 194 793 Viri.
216 781 254 786 —
277 765 342 799 2b.
368 768 380 796 1
403 770 458 797 Per
478 773 507 798 te
528 774 614 798 totas.
638 787 672 791 —
694 770 756 807 3a,
778 771 796 800 2
816 774 857 802 Et
877 776 1052 812 sepulcrum.
1075 793 1110 797 —
1133 778 1215 805 Nach
1237 779 1371 807 Ausweis
1396 780 1447 808 der

117 804 255 838 Meloffie,
278 807 408 834 niimlich
432 809 608 843 „Verbum
636 810 795 847 bonum“‚
818 813 949 841 offenbar
970 817 1035 842 eine
1057 816 1201 852 Sequenz.

543 960 603 991 199.
647 962 688 992 De
710 964 822 993 sancta
842 963 1031 995 Katharina.

143 1056 203 1089 la.
234 1056 327 1088 Diem
356 1056 472 1089 festum
500 1059 708 1100 celebremus,

237 1104 355 1145 Regem
383 1115 532 1146 magnum
559 1108 739 1148 adoremu5‚

280 1154 496 1193 Imperantem
523 1156 667 1196 regibus;

137 1245 196 1277 23.
226 1244 304 1277 Orta
330 1245 417 1277 tribu
444 1245 484 1278 de
511 1248 610 1288 regali

228 1292 328 1325 Flore
355 1299 467 1326 vernat
495 1295 642 1335 virginali

231 1341 371 1382 Martyr‚
387 1352 468 1382 quae
478 1353 561 1375 nunc
573 1345 745 1378 immortali

280 1390 483 1423 Praemiatur
508 1392 635 1432 gaudio.

131 1481 198 1513 3a.
228 1481 320 1513 Haec
350 1491 410 1522 pro
446 1483 516 1524 lege
543 1485 604 1517 Dei
630 1491 744 1527 certat,

227 1528 291 1562 Sed
327 1536 480 1574 conatur,
515 1537 548 1564 ut
578 1533 745 1567 subvertat

277 1579 398 1612 Caesar
423 1585 560 1612 mentem
590 1582 742 1623 virginis3

125 1670 189 1701 4a.
222 1670 276 1702 Ad
303 1671 462 1703 culturam
489 1672 647 1705 idolorum

274 1719 425 1751 Movetur
451 1720 656 1761 christicola;

225 1765 331 1798 Flecti
357 1769 487 1809 nequit,
522 1770 578 1801 sed
608 1771 739 1803 deorum

271 1815 462 1849 Detestatur
486 1817 585 1851 idola.

122 1907 183 1939 5a.
218 1907 459 1952 Quinquaginta
487 1910 665 1950 peritorum

271 1956 476 1990 Convocatur
503 1960 620 1996 contio,

221 2003 284 2036 Sed
313 2005 473 2039 confortat
502 2008 688 2048 angelorum

268 2055 361 2087 Hane
387 2055 542 2089 invictam
572 2057 661 2091 visio.

119 2145 179 2178 ea.
212 2146 323 2179 victos
358 2147 448 2179 jubet
481 2157 538 2180 rex
569 2148 734 2188 comburi;

215 2194 306 2227 Tunc
330 2196 427 2236 periti
454 2197 591 2237 perituri

263 2243 467 2277 Postulantes
494 2245 619 2278 veniam

115 2335 174 2369 7a.
206 2334 412 2378 stupefactus
439 2338 481 2370 ad
508 2343 657 2372 eventum

261 2385 446 2418 Praesentis
473 2387 621 2420 miraculi

208 2433 312 2467 Valde
337 2435 430 2467 timet
456 2435 684 2468 detrimentum

252 2481 308 2516 Sui
335 2483 456 2516 Caesar
477 2485 602 2525 populi.

836 1063 897 1096 1b.
930 1064 1128 1097 Veneremur
1154 1070 1183 1098 et
1212 1069 1364 1108 reginam,

929 1112 1016 1151 Quae
1054 1116 1194 1154 suscepit
1233 1117 1441 1151 Katherinam

978 1161 1055 1193 Cum
1083 1163 1148 1194 suis
1176 1164 1363 1204 virginibus.

834 1250 896 1284 2b.
928 1251 1040 1294 Sensu,
1069 1254 1132 1286 fide
1158 1258 1371 1295 praemunita.

929 1300 1047 1333 Forma
1073 1303 1179 1334 vultus
1206 1305 1356 1345 insignita

927 1348 970 1380 Et
997 1350 1038 1381 ad
1065 1351 1194 1390 plenum
1222 1354 1348 1386 erudita

975 1397 1155 1430 Literarum
1182 1402 1299 1434 studio.

834 1488 896 1522 3b.
929 1490 1051 1521 Videas
1077 1495 1183 1531 stupet
1211 1497 1241 1524 et
1267 1494 1401 1527 miratur

926 1537 969 1569 Et
995 1542 1126 1578 stupore
1153 1541 1363 1574 conturbatur

974 1586 1078 1618 Mirae
1105 1588 1366 1627 pulchritudinis

827 1675 890 1708 4b.
925 1676 1044 1709 Caesar
1071 1678 1167 1710 instat
1196 1679 1436 1721 blandimentis,

969 1726 1078 1765 Minis,
1107 1736 1212 1767 prece,
1241 1730 1362 1768 pretio:

923 1774 1024 1814 Virgo
1050 1776 1159 1807 multis
1185 1779 1381 1817 argumentis

970 1823 1102 1855 Resistit
1130 1825 1307 1859 Maxentio.

829 1913 890 1946 5b.
923 1915 990 1947 Hos
1017 1925 1168 1957 aggressa
1195 1918 1394 1952 confidenter

967 1964 996 1996 A
1023 1965 1160 2005 primate
1187 1966 1311 2007 incipit,

918 2013 978 2052 Qui
1005 2014 1168 2046 consultus
1194 2015 1371 2048 insolenter

969 2061 1084 2094 Coram
1112 2067 1222 2095 sancta
1250 2065 1380 2105 desipit.

822 2151 884 2184 6b.
916 2153 1030 2185 Fidem
1070 2159 1200 2188 sanctae
1237 2156 1429 2189 confitentur

916 2201 1086 2234 Trinitatis
1114 2212 1171 2234 nee
1198 2209 1348 2236 verentur

963 2250 1111 2282 Caesaris
1137 2252 1305 2285 insaniam.

815 2341 878 2374 7b.
910 2341 1030 2375 Christi
1057 2344 1159 2375 saevit
1185 2344 1216 2375 in
1244 2345 1393 2377 ancillam

959 2391 1081 2423 Crebro
1117 2401 1241 2424 caesam
1280 2393 1423 2436 verbere,

909 2439 988 2472 Post
1014 2438 1142 2480 flagella
1168 2440 1255 2473 iubet
1282 2441 1368 2474 illam

956 2488 1074 2520 Taetro
1099 2489 1207 2521 claudi
1234 2499 1373 2523 carcere.
