1655 2713
742 153 1003 188 —250-

239 257 298 288 4a.
330 255 385 288 Uti
411 255 519 287 Trudo
545 253 644 285 sancti
671 252 731 283 viri
923 249 984 282 4b.
1015 248 1132 281 Sancto
1160 247 1278 280 Christi
1305 245 1456 286 lapidato

333 303 471 335 Consilio
497 311 571 333 voce
598 301 669 331 miri
1016 297 1104 329 Dare
1130 305 1188 327 sua
1213 295 1311 327 corde
1336 297 1429 334 grato

380 351 529 382 Monetur
554 348 685 389 oraculi,
1067 343 1243 376 Pollicetur
1269 342 1422 383 praesuli.

239 444 297 474 5a.
327 441 402 473 Cum
430 438 606 478 Tungrensi
632 437 785 477 providus
925 435 987 468 5b.
1019 435 1105 467 Hinc
1130 434 1286 465 abscessit
1313 433 1448 474 cupidus

383 489 547 519 Praeesset
572 486 737 524 ecclesiae,
1069 483 1163 514 Vitae
1189 482 1363 515 solitariae.

237 581 295 612 Ga.
326 578 554 610 Monachorum
582 577 727 608 condidit
925 574 988 608 6b.
1019 574 1139 614 Quibus
1165 583 1261 605 unam
1287 574 1408 605 indidit

378 626 504 665 Duplex
530 625 580 656 hic
606 624 801 662 coenobium,
1070 622 1186 662 Legem
1213 626 1245 653 et
1272 622 1478 654 consortium.

240 719 299 750 7a.
330 717 389 748 His
416 717 579 756 praesedit
604 717 807 747 honestorum
927 713 987 746 7b.
1016 714 1053 746 In
1081 714 1140 745 hoc
1167 717 1252 745 statu
1279 713 1509 745 consummavit

336 766 482 797 Formam
525 765 645 795 cunctis
684 764 841 803 praebens
1021 762 1156 794 Sanctus
1193 762 1289 793 vitam
1327 766 1357 792 et
1384 761 1533 801 migravit

557 821 689 850 morum,
1070 810 1122 842 Ad
1150 819 1289 850 superna
1315 809 1444 850 gaudia.

383 860 500 891 Plenus
526 859 586 891 Dei
612 860 714 898 gratia
726 872 732 899 ς

236 951 294 983 83.
326 950 351 982 Ο
378 948 540 981 confessor
563 950 708 990 gloriose,
921 948 983 982 Sb.
1014 949 1118 988 Iaspis
1139 948 1260 980 Christi
1286 949 1438 990 pretiose,

378 998 562 1030 Honestatis
588 997 763 1036 speculum.
1063 996 1252 1028 Sanctitatis
1280 996 1456 1034 vasculum,

239 1089 300 1120 9a.
331 1088 428 1126 Apud
455 1087 555 1118 Deum
926 1087 988 1120 9b.
1020 1087 1063 1119 Ut
1090 1092 1219 1118 coronet

335 1134 464 1165 Coetum
491 1143 577 1165 reum
1020 1135 1086 1166 Nos
1113 1139 1143 1165 et
1171 1135 1266 1166 donet

381 1182 449 1212 Tua
475 1191 569 1221 prece
1068 1182 1146 1214 Cum
1172 1182 1275 1214 beatis

384 1229 433 1260 De
460 1230 518 1260 hac
545 1229 632 1261 faece
1071 1231 1147 1262 Post
1173 1231 1288 1262 aetatis

435 1277 598 1309 Sublatum
626 1277 771 1315 concilia,
1115 1278 1249 1310 Cursum
1277 1279 1356 1310 caeli
1383 1279 1496 1319 gloria.

293 1366 374 1391 Mis-z
398 1374 450 1392 ms.
473 1366 645 1393 stabulense
667 1374 740 1393 saec.
766 1365 808 1393 15.
824 1366 892 1395 Cod.
908 1367 1074 1395 Bruxellen.
1095 1367 1176 1396 1513.
1193 1384 1227 1389 —
1243 1367 1299 1401 3a,
1320 1369 1337 1397 3
1352 1372 1479 1398 ¹Sanctis».
1496 1386 1531 1391 ——

214 1401 270 1431 412,
293 1401 310 1429 2
330 1403 425 1430 corda.

583 1511 649 1541 282.
690 1511 722 1541 In
747 1511 963 1543 Translatione
988 1522 1011 1543 s.
1032 1513 1174 1553 Ruperti.

639 1607 669 1638 1.
697 1606 816 1637 Summi
842 1607 926 1646 regis
950 1608 983 1638 in
1009 1608 1114 1647 laude,

692 1653 840 1694 Bavaria‚
866 1655 995 1697 plaude,

243 1743 301 1773 23.
331 1742 390 1781 Qui
416 1742 474 1773 tibi
500 1743 699 1783 Rudpertum
925 1745 987 1780 2b.
1019 1747 1078 1785 Qui
1104 1747 1173 1779 Deo
1199 1752 1231 1780 te
1257 1750 1397 1782 reddens

382 1789 552 1821 destinavit
1067 1794 1217 1835 effugavit

335 1836 496 1868 doctorem
523 1842 554 1869 et
579 1839 768 1878 apostolum.
1020 1840 1183 1874 fallentem
1210 1849 1241 1876 te
1269 1845 1442 1880 diabolum.

240 1927 258 1957 3
273 1934 301 1959 a.
331 1926 414 1957 Huic
440 1928 590 1968 princeps
926 1931 988 1965 3b.
1020 1958 1027 1965 .
1081 1960 1088 1966 .
1139 1961 1146 1968 .
1200 1963 1207 1969 .

334 1975 436 2005 credit
461 1984 531 2007 cum
556 1976 669 2017 plebe,
1020 1991 1091 2012 nam
1119 1983 1232 2023 locum,
1260 1985 1314 2017 ubi

335 2022 435 2053 Deum
462 2024 638 2062 praedicat.
1022 2030 1168 2068 primitus
1195 2033 1288 2071 sedit,

239 2113 298 2144 42.
330 2111 450 2144 Saltum
478 2113 516 2144 de
545 2110 701 2156 [flumine]
927 2117 989 2151 4b.
1021 2119 1191 2160 Postquam
1218 2123 1282 2155 illis
1308 2125 1403 2158 fidem

334 2160 444 2192 Rheno
471 2161 562 2192 dedit
1022 2169 1223 2206 praedicavit

333 2208 365 2238 in
393 2207 580 2240 Noricorum
604 2209 709 2252 finem,
1022 2216 1127 2251 terris,
1155 2223 1248 2257 pater
1273 2220 1357 2253 idem
1385 2224 1500 2262 pandit

332 2255 441 2296 pulsus
455 2265 514 2296 per
523 2257 650 2297 plebem
663 2258 870 2292 wormatiae.
1024 2263 1086 2294 iter
1113 2264 1261 2298 Panoniis
1287 2270 1420 2308 gratiae.

237 2348 297 2380 5a.
327 2347 488 2388 Principis
924 2352 988 2387 5b.
1021 2353 1171 2388 Gentium

332 2395 491 2428 caelorum
518 2397 568 2428 hic
593 2397 729 2430 attraxit
1020 2402 1094 2434 dum
1121 2405 1319 2440 credentium
1346 2411 1466 2444 Christi

332 2443 439 2484 ovilia,
466 2445 635 2486 manipulis
1019 2459 1236 2486 succresceret
1261 2455 1394 2492 familia.
