1655 2713
693 138 930 173 -99-

611 231 675 262 100.
716 231 759 265 De
780 233 891 263 saneta
914 232 1016 264 Clara.

171 299 187 348 Ι1
205 325 235 348 a.
263 296 497 352 'Laetabundus

266 364 417 398 Exsultet
442 366 549 400 fidelis
576 369 691 402 chorus

313 413 375 445 Die
402 415 475 458 isto,

169 499 188 530 2
205 508 234 531 a.
265 500 372 538 Quae,
400 502 586 543 priusquam
614 508 777 544 generata,

263 548 405 581 Caelitus
432 554 478 581 est
506 552 678 588 nominata,

311 597 375 629 Res
402 598 567 641 miranda3

165 682 184 714 3
200 692 228 714 a.
266 683 357 715 Haec
382 684 732 730 Franciscumhimitat,

263 731 386 772 Opibus
413 735 574 766 renuntiat

272 789 274 792 ·
312 780 397 812 Voce
415 782 529 819 ⁷clara;

163 868 227 898 4a.
259 867 349 907 Orat,
373 868 520 901 Christus
546 869 697 910 loquitur,

258 915 344 947 Gens
370 916 495 955 perfida
521 917 663 956 pellitur,

305 964 408 996 Carne
434 970 571 1004 sumpta.

160 1050 178 1081 5
195 1058 224 1080 a.
256 1050 342 1081 Pane
368 1050 494 1081 turbam
521 1051 627 1086 satiat,

253 1097 365 1129 Oleum
391 1098 597 1138 multiplicat.

253 1145 401 1177 Membra
426 1151 517 1178 sanat
545 1147 730 1189 languentia

296 1194 370 1225 Sive
396 1203 501 1226 caeca.

152 1281 172 1312 6
188 1289 217 1314 a.
249 1280 313 1313 Ora
338 1290 398 1321 pro
422 1283 552 1322 populo,

249 1329 386 1361 Precare
413 1339 471 1369 pro
498 1331 594 1372 clero,

296 1377 345 1408 Ne
371 1387 463 1418 quern
490 1379 620 1411 seducat

343 1435 420 1466 gens
446 1427 572 1459 misera.

864 324 880 356 1
898 323 930 356 b.
962 323 1043 355 Nam
1069 323 1102 355 in
1129 332 1226 364 regno

958 371 1122 404 Claritatis
1148 377 1257 412 regnat
1285 372 1381 406 Clara

1002 421 1113 452 Iuncta
1140 420 1280 454 Christo.

863 507 882 539 2
899 507 930 540 b.
962 505 1084 538 Mundo
1110 511 1185 538 nata
1207 508 1340 547 parvula

959 554 1063 586 Claris
1090 555 1189 586 claret
1217 555 1340 587 actibus

1007 602 1094 634 Sicut
1120 603 1224 635 stella.

858 689 877 720 3
894 688 922 722 b.
956 687 1043 720 Sicut
1071 688 1219 721 Christus
1248 690 1365 728 docuit,

956 737 1182 775 Paupertatem
1214 739 1313 769 tenuit

1003 785 1078 816 Pari
1106 783 1218 818 forma,

850 1056 868 1086 5
885 1052 916 1085 b.
949 1054 978 1085 A
1006 1055 1115 1093 regina
1139 1055 1298 1089 visitatur,

946 1101 1135 1133 Transitura
1163 1103 1327 1142 palliatur.

946 1150 1129 1189 Virginibus
1157 1152 1279 1183 sociata

991 1198 1042 1229 Fit
1072 1200 1250 1238 praedicta.

849 1284 914 1318 6b.
949 1285 1016 1316 Fae
1044 1295 1101 1316 nos
1130 1287 1191 1318 frui
1219 1287 1303 1326 polo.

941 1334 1049 1370 Clara,
1079 1333 1182 1375 [Iesu]
1213 1336 1352 1375 Christo,

941 1383 1040 1422 Quem
1070 1383 1176 1421 genuit

988 1440 1157 1470 puerpera.

203 1507 287 1534 Cant.
310 1516 362 1534 ms.
380 1508 608 1543 vissegradense
630 1518 706 1536 saec.
725 1508 767 1536 15.
784 1509 853 1537 Cod.
871 1511 966 1546 Capit.
984 1512 1190 1547 vissegradeu.
1209 1514 1246 1539 (jc
1266 1524 1289 1546 η.
1310 1530 1344 1533 -
1361 1512 1373 1540 l
1389 1522 1414 1545 a,
1437 1514 1454 1539 3

126 1545 1451 1587 ὴω.-3ι1ἱωηωωμ-ὃε,ΞΒΜΜΜΜῒοωωωμ-ὃὺ,3Υὴῳωωιωψ

125 1585 226 1610 sortio.
249 1598 284 1603 ——
299 1582 354 1616 Ga,
377 1583 395 1612 3
416 1595 501 1621 quem
523 1585 619 1613 ducat.
635 1600 672 1605 —
687 1585 704 1613 6
718 1587 743 1619 b,
766 1586 784 1614 4
805 1596 949 1623 puerpera
972 1593 1082 1615 saneta.
1101 1605 1136 1609 —-
1152 1590 1296 1617 Melodie:
1320 1592 1454 1618 Laeta-

125 1622 277 1649 bundas.

552 1729 608 1759 101.
650 1729 692 1759 De
714 1732 821 1760 saneto
843 1729 1021 1761 Corentinn.

150 1820 165 1851 1
183 1828 213 1851 a.
244 1818 373 1859 Septem
400 1822 528 1850 sanctos
555 1829 753 1857 veneremur.

243 1867 286 1899 Et
312 1868 344 1899 in
369 1868 434 1899 illis
460 1867 658 1900 admiremur

290 1915 517 1957 septiformem
545 1918 692 1959 gratiam,

144 2000 164 2031 2
181 2009 210 2032 a.
242 1999 302 2031 His
329 1998 500 2040 praefulsit
527 2000 732 2040 Comminus,

241 2047 449 2080 Consecravit
475 2058 567 2090 quem
592 2050 753 2082 Martinus

290 2097 474 2130 Praesulem
503 2098 704 2139 Cornubiae3

143 2180 162 2212 3
179 2188 208 2212 a.
240 2179 338 2218 Quem
367 2180 544 2219 Paternus,
572 2180 748 2220 Maelocus‚

236 2228 396 2260 visitatur
422 2229 496 2261 dum
523 2229 575 2260 hic
601 2229 700 2271 locus,

286 2277 500 2309 Admirantur
526 2278 679 2319 nimium3

141 2360 162 2392 4
177 2368 207 2392 a.
237 2361 358 2394 caesus
385 2360 483 2401 piscis
508 2360 699 2402 integratur,

236 2409 307 2442 Rex
333 2409 373 2441 de
398 2409 488 2450 pisce
513 2410 660 2448 satiatur,

262 2487 265 2491 .
285 2458 329 2491 Et
355 2457 454 2499 piscis
479 2467 543 2491 non
569 2458 716 2491 moritur.

841 1822 857 1854 1
876 1821 906 1855 b.
938 1822 997 1861 Qui
1024 1831 1194 1862 perversos
1213 1830 1450 1864 converterunt,

936 1873 1004 1911 Quo
1031 1872 1146 1911 repleti
1173 1874 1381 1912 repleverunt

985 1919 1141 1960 Dogmate
1168 1921 1380 1955 Britanniam.

838 2005 856 2036 2
875 2002 904 2035 b.
937 2003 1033 2035 Cuius
1068 2004 1130 2035 vita
1159 2009 1311 2044 quantum
1340 2005 1446 2045 digna,

935 2052 1033 2092 Quam
1046 2052 1190 2093 insignis,
1209 2054 1345 2093 probant
1359 2055 1449 2094 signa

987 2100 1056 2132 Vivi
1085 2100 1183 2132 fontis
1211 2102 1317 2134 hodie.

835 2183 854 2214 3
871 2181 901 2214 b.
935 2181 1070 2222 Stupent
1099 2183 1192 2215 simul
1227 2188 1257 2215 et
1284 2184 1323 2215 de
1350 2185 1427 2216 vino

934 2230 1049 2262 Statim
1077 2232 1152 2262 dato
1181 2232 1353 2263 Corentino

984 2279 1025 2310 Et
1055 2280 1094 2311 de
1121 2289 1195 2311 casu
1222 2281 1370 2320 piscium.

836 2364 856 2394 4
872 2359 904 2395 b.
939 2361 1013 2392 Viso
1040 2361 1130 2401 signo
1157 2366 1265 2393 tantae
1292 2363 1338 2394 rei

935 2410 1004 2442 Rex
1031 2411 1145 2441 adorat
1173 2411 1276 2443 virum
1304 2411 1373 2454 Dei,

982 2458 1108 2490 Donum
1144 2459 1267 2499 grande
1291 2462 1449 2501 sequitur.

1175 2514 1217 2542 7*
