1655 2713
679 165 942 202 —333—

146 259 190 292 33
201 267 230 290 a.
263 259 362 299 Seges
386 267 485 300 aegra
512 265 607 302 negat
634 262 752 295 victum

263 306 308 339 Et
334 306 499 340 subtrahit
524 310 726 351 alimentum,

263 355 365 387 Tollit
385 356 490 388 victus
504 359 780 402 supplementum,

264 403 360 436 Plebs
375 405 515 438 vertitur
532 407 564 438 in
583 408 778 452 lamentum3

141 497 226 530 34a.
259 495 386 528 Nautae
413 499 516 530 ventis
548 499 619 531 vela
647 500 768 532 dabant

261 544 305 576 Et
340 546 382 577 ad
411 551 539 586 portum
566 548 777 588 applicabant

261 593 303 625 Et
330 594 372 625 ad
398 595 475 626 litus
502 596 723 636 properabant

311 642 512 683 Disponente
539 644 718 679 clementia.

139 733 183 766 35
195 743 224 766 a.
256 733 342 765 Date
370 739 522 767 centenos
550 736 673 768 modios

259 782 303 814 Et
328 783 463 823 implete
490 785 555 816 cito
581 794 683 826 coros,

257 829 375 862 Fames
407 832 524 872 premit
552 837 600 864 tot
626 834 774 874 populos,

307 879 484 912 Relevetur
510 882 657 921 penuria.

138 971 182 1004 36
193 979 222 1005 a.
253 971 323 1012 Ego
349 971 441 1003 vobis
469 973 626 1012 polliceor

256 1020 453 1052 Minoratum
481 1030 544 1052 non
571 1026 713 1061 exactor,

255 1068 325 1100 Nec
350 1068 473 1109 rigidus
501 1069 563 1100 erit
589 1078 713 1107 censor,

302 1116 527 1149 Mensuratum
553 1117 714 1159 inveniet;

137 1207 180 1240 37
194 1215 222 1239 a.
253 1207 360 1239 Adest
386 1208 491 1240 cultor
517 1209 673 1241 trinitatis

256 1255 300 1287 Et
326 1260 452 1288 amator
478 1258 680 1297 paupertatis

303 1304 458 1336 Nicolaus
485 1304 651 1345 pontifex3

135 1395 180 1429 38
192 1403 222 1429 a,
255 1396 338 1427 Nam
367 1396 514 1428 cohortes
533 1401 563 1428 et
582 1397 772 1439 phalangas,

255 1443 433 1485 Legionum
460 1449 508 1477 tot
535 1450 683 1478 catervas

256 1492 329 1524 Non
355 1497 486 1525 veretur
512 1499 653 1533 sanctus,
682 1503 735 1526 eas

304 1540 349 1573 Et
374 1541 521 1574 lictorem
548 1543 747 1583 aggreditur.

132 1633 176 1665 39
187 1641 217 1665 a.
250 1633 275 1665 Ο
302 1634 447 1675 perversi
474 1643 530 1666 vos
555 1634 691 1675 iudices,

255 1681 337 1714 Tres
364 1683 496 1714 iuvenes
523 1683 710 1715 innocentes

252 1730 500 1763 Condemnastis
537 1735 571 1763 ut
597 1737 760 1773 nocentes,

301 1779 381 1811 Sunt
408 1780 566 1812 immunes
585 1790 604 1812 a
623 1781 766 1823 crimine,

129 1872 174 1904 40
185 1880 218 1907 a.
252 1871 325 1904 Non
351 1881 504 1904 mucrone
531 1874 726 1905 conterritus

250 1920 293 1953 Et
317 1921 473 1953 audacter
499 1926 549 1953 est
574 1922 737 1963 ingressus

250 1969 294 2002 Et
321 1978 392 2002 cum
419 1970 527 2002 velata
554 1969 637 2003 facie

248 2018 292 2050 Et
318 2028 388 2050 cum
416 2018 522 2051 defixo
549 2020 684 2060 poplite.

126 2103 171 2139 41
183 2114 212 2138 a.
243 2105 342 2148 Ecce,
371 2110 466 2146 pater
492 2107 695 2147 clericorum,

247 2154 371 2187 Norma
377 2164 512 2194 morum,
523 2155 578 2187 lux
588 2156 767 2197 doctorum,

250 2203 321 2235 Duc
346 2203 389 2235 ad
415 2213 548 2244 regnum
575 2204 752 2236 electorum

295 2252 372 2284 Post
398 2256 489 2284 tanta.
512 2253 668 2292 pericula.

122 2345 169 2379 42
187 2353 217 2379 a.
247 2345 292 2377 Et
317 2353 356 2376 ex
382 2344 494 2377 tumba
519 2353 701 2377 marmorea

246 2392 355 2433 Atque
381 2397 498 2434 crypta
523 2393 655 2434 lapidea

248 2440 382 2474 Sacrum
409 2441 543 2474 resudat
570 2441 728 2482 liquorem

251 2488 376 2523 Sanans
387 2499 425 2523 ac
434 2490 764 2532 cunctislauguorem,

846 267 889 299 33
903 265 933 300 b.
964 267 1061 306 Ecce,
1089 277 1187 300 naves
1214 269 1403 311 adveniunt,

966 316 1003 347 In
1029 321 1125 356 portu
1144 317 1264 349 classes
1282 317 1477 358 relinquunt,

966 364 1116 396 Tendunt
1142 366 1204 397 iter
1229 375 1287 406 per
1313 366 1452 405 devium,

966 413 1027 444 Per
1045 414 1178 453 pelagus
1197 418 1260 446 tam
1277 415 1476 448 immensum.

842 503 929 535 34b.
963 505 998 536 In
1029 509 1124 544 portu
1150 506 1320 537 Adriatico

961 552 1122 584 Oneratae
1149 558 1221 585 sunt
1249 555 1358 586 tritico

963 600 1060 632 Rates
1094 610 1165 632 cum
1201 612 1314 642 magno
1341 603 1476 635 classico

1008 648 1062 680 Ad
1094 649 1177 681 vitae
1203 650 1357 684 subsidia.

837 739 880 771 35
894 738 924 771 b.
958 739 1030 771 Non
1049 741 1212 783 audemus,
1240 747 1349 773 sancte
1369 747 1471 782 pater,

957 788 1143 820 Mensuram
1171 790 1261 821 dedit
1288 791 1445 831 minister,

957 837 1008 867 Ad
1037 837 1204 869 Bisantum
1231 843 1407 879 augustana

1007 885 1206 917 Remetimur
1232 887 1404 927 stipendia.

835 976 880 1007 36
892 974 922 1008 b.
956 975 1020 1007 Sed
1049 975 1099 1007 far
1125 977 1182 1008 alit
1210 986 1268 1017 per
1286 982 1351 1008 tres
1370 988 1468 1009 annos

956 1024 1106 1056 Civitatis
1134 1029 1179 1055 tot
1208 1026 1354 1065 populos,

954 1072 1075 1104 Multos
1102 1072 1243 1105 confovit
1271 1082 1396 1113 egenos,

1003 1121 1066 1153 Pro
1094 1125 1237 1161 tempore
1264 1121 1413 1153 sufficiet.

831 1211 874 1243 37
888 1210 918 1243 b.
951 1211 1038 1253 Vita,
1065 1212 1151 1243 salus
1179 1217 1210 1243 et
1237 1213 1393 1254 levamen,

950 1258 1085 1291 Maestis
1111 1261 1205 1292 adest
1231 1261 1448 1298 sublevamen,

1003 1309 1141 1340 Nostrae
1168 1310 1281 1341 salutis
1306 1310 1429 1350 opifex.

835 1401 878 1433 33
892 1399 923 1432 b.
955 1400 980 1432 O
1008 1401 1105 1440 impie
1132 1410 1168 1433 ac
1196 1402 1347 1443 crudelis,

957 1449 1085 1480 Vultum
1101 1454 1244 1481 nostrum
1255 1460 1316 1482 non
1329 1451 1464 1491 videbis7

956 1497 1049 1537 vide,
1078 1506 1117 1528 ne
1144 1502 1177 1529 tu
1204 1499 1362 1530 moriaris.

1003 1545 1135 1585 Incepto
1163 1548 1395 1586 comprimitur.

956 1637 1024 1668 Hos
1051 1638 1180 1670 iuvenes
1209 1639 1436 1671 condemnatos

952 1686 1133 1718 Incolumes
1159 1691 1189 1718 et
1216 1687 1356 1729 illaesos,

952 1734 1066 1766 Statim
1094 1736 1178 1767 vitae
1205 1736 1371 1768 restitutos

998 1783 1074 1816 Sine
1100 1784 1166 1815 ullo
1194 1785 1392 1817 discrimine.

833 1638 877 1670 39
888 1636 919 1670 b.

829 1875 872 1907 40
890 1874 920 1907 b.
952 1875 1055 1907 Nemo
1081 1877 1178 1908 audet
1206 1881 1281 1908 tunc
1308 1877 1424 1909 mutire

950 1924 1062 1964 Neque
1088 1930 1221 1965 possunt
1250 1926 1421 1963 contraire,

949 1972 1045 2004 Cuius
1073 1974 1195 2006 vultum
1222 1983 1280 2006 nec
1308 1975 1429 2014 videre,

948 2021 1122 2054 Salvantur
1146 2034 1164 2054 a
1191 2022 1352 2063 pontifice.

831 2109 874 2141 41
887 2108 919 2142 b.
951 2109 1054 2141 Huius
1082 2110 1167 2141 vitae
1194 2115 1266 2151 post
1292 2110 1445 2152 laborem,

951 2159 1050 2198 Quam
1077 2159 1237 2198 quaesivit
1262 2159 1448 2203 pretiosam,

951 2207 1124 2238 Resolutus
1151 2212 1199 2238 est
1226 2208 1257 2238 in
1286 2211 1419 2239 mortem

1002 2255 1075 2286 Post
1103 2255 1213 2287 mundi
1240 2256 1410 2291 curricula.

827 2347 870 2380 42
888 2346 919 2380 b.
953 2347 1102 2387 Languor
1128 2345 1209 2388 fugit
1235 2357 1273 2379 ac
1300 2348 1411 2380 dolore

948 2395 1066 2435 Sospes
1095 2395 1182 2427 redit
1207 2405 1246 2428 ex
1272 2397 1437 2438 languore,

948 2444 1037 2475 Vivit
1061 2444 1094 2476 in
1121 2444 1188 2476 eius
1215 2445 1325 2483 odore,

950 2493 1034 2525 Dum
1053 2493 1151 2525 talem
1165 2495 1266 2526 sensit
1285 2494 1460 2528 dulcorem.
