1655 2713
221 265 283 295 4a.
313 262 479 296 Maternus
506 263 666 295 miraculis

316 311 356 342 Et
386 312 535 342 virtutum
563 311 662 342 titulis

365 358 496 390 Clarens
524 359 650 389 morbos
678 358 822 398 depulit3

845 166 914 200 218

907 261 972 294 4b.

1001 262 1219 294 Daemonibus
1244 263 1392 302 imperat,

1003 309 1134 342 Claudis
1159 319 1301 351 gressum
1328 313 1471 350 reparat,

1053 358 1165 390 Caecis
1191 359 1292 390 visum
1319 358 1440 390 attulit.

221 457 280 486 5a.
317 454 342 486 Ο
369 454 417 484 vir
442 453 623 494 ineffabilis,
907 454 970 487 5b.
1003 454 1049 486 Te
1075 463 1222 496 rogamus
1241 455 1361 496 cernui,

316 500 501 532 Praesulum
530 500 586 532 flos
613 501 728 532 nobilis
1001 503 1068 534 Fac
1093 511 1150 534 nos
1176 507 1280 534 tecum
1306 501 1429 542 perfrui

362 549 403 580 Et
432 549 527 579 decus
554 549 718 588 ecclesiae,
1049 550 1148 582 Vultu
1175 551 1258 590 regis
1284 551 1416 590 gloriae.

295 643 377 669 Miss.
401 643 575 669 coloniense
597 645 665 679 imp.
687 644 810 670 Parisiis
835 643 907 672 1504
924 645 958 671 A.
973 659 1009 663 —
1030 645 1112 671 Missv
1129 645 1305 672 Coloniense
1327 645 1396 680 imp.
1411 646 1538 672 Parisiis

222 680 302 708 1:314.
331 682 361 708 B.
390 695 427 699 ›—
455 682 537 707 Miss.
564 682 739 709 Coloniense
768 683 837 717 imp.
865 683 990 710 Parisiis
1023 681 1103 710 1520,
1132 682 1162 710 C.
1187 697 1225 702 —
1245 683 1329 710 Miss.
1358 683 1537 711 Coloniense

219 721 286 754 imp.
308 720 433 746 Parisiis
468 718 547 746 1525.
570 720 606 746 D.
628 735 664 738 —
694 719 753 752 33,
784 719 796 747 1
822 721 901 748 Hine
922 722 979 749 BC.
1001 736 1037 739 —
1065 721 1124 753 4a,
1153 719 1170 749 3
1196 721 1317 748 clarens
1339 720 1418 749 fehlt.
1442 722 1478 749 D.
1501 737 1538 742 ———

217 758 344 784 Meludie
367 758 510 785 ofl'enbar:
539 759 632 785 Veni
661 762 797 785 sancte
826 761 999 794 spiritus.

649 927 716 958 2⁴3.
750 929 790 959 De
813 931 921 959 saneto
943 929 1102 960 hlaurifio.

219 1026 277 1058 la.
309 1025 452 1057 Pretiosa
477 1035 561 1057 mors
587 1031 766 1058 sanctorum

360 1073 395 1104 In
423 1079 595 1113 conspectu
622 1074 749 1106 Domini

217 1168 276 1199 211.
313 1168 371 1206 Qui
400 1172 446 1199 tot
472 1169 563 1199 simul
592 1170 756 1200 coronavit

359 1215 483 1247 Corona
509 1217 653 1256 martyrii

216 1311 275 1342 2321.
308 1310 351 1341 Hi
378 1311 527 1352 Thebaei,
555 1312 638 1342 servi
665 1312 736 1351 Dei,

311 1357 437 1389 Nullius
465 1359 604 1390 criminis
627 1359 672 1390 rei

358 1406 549 1441 Mon'untur.

356 1453 449 1484 Nunc
475 1459 649 1493 sequuntur

402 1503 526 1540 Aguum
553 1502 621 1533 sine
644 1503 785 1541 macula3

216 1598 276 1628 421.
308 1598 445 1635 Quorum
473 1597 537 1628 vita
562 1597 709 1637 gloriosa,

310 1644 449 1682 Quorum
477 1654 561 1675 mors
588 1649 635 1676 est
662 1646 816 1685 speciosa,

357 1692 493 1730 Quorum
518 1693 625 1732 passio
651 1693 755 1733 beata,

357 1739 475 1777 Quibus
501 1745 602 1771 morte
629 1743 693 1773 vita
720 1742 813 1781 data;

212 1836 271 1866 521.
304 1834 372 1872 Qui.
402 1835 474 1866 dum
503 1835 650 1867 Caesaris
676 1837 801 1876 proelia.

306 1881 521 1921 Sequerentur
546 1884 577 1914 in
605 1883 721 1923 Gallia,

306 1930 388 1961 Iussi
414 1935 486 1962 suut
511 1931 667 1963 sacrificia

305 1978 426 2009 Offerre
453 1983 483 2009 et
509 1979 674 2011 daemonia

303 2026 450 2057 Adorare
477 2027 630 2059 crudelia.

207 2124 268 2152 fia.
299 2121 341 2152 Et
369 2122 565 2161 respondens
590 2123 772 2164 Mauritius,

304 2169 364 2207 Qui
392 2174 459 2201 erat
486 2171 698 2211 primicerius,

302 2216 392 2248 Dixit
419 2218 501 2258 regis
529 2219 698 2250 militibus:

205 2314 266 2345 7a.
300 2314 389 2345 Tunc
415 2315 563 2347 Caesaris
589 2315 713 2347 insania.

302 2363 405 2394 Saeva
432 2362 533 2394 dictat
558 2363 692 2404 imperia

299 2412 405 2450 Atque
433 2411 511 2442 mori
538 2415 664 2444 sanctos
690 2412 775 2444 iussa

303 2455 394 2500 [Dat]
420 2464 492 2498 post
519 2459 640 2492 Christi
665 2460 808 2502 vestigia.

905 1028 967 1061 lb.

904 1171 966 1203 2b.

900 1314 963 1347 3b.

901 1600 961 1632 41).

897 1838 958 1871 5b.

894 2126 960 2159 6b.

996 1029 1177 1070 Martyrum
1205 1034 1251 1061 est
1279 1029 1499 1063 Thebaeorum

1046 1077 1089 1108 Et
1113 1077 1182 1109 laus
1207 1087 1263 1109 suo
1287 1078 1426 1118 nomini;

999 1172 1040 1203 Et
1067 1173 1108 1203 ad
1136 1173 1240 1203 caelos
1267 1173 1453 1205 sublimavit

1046 1220 1095 1250 De
1121 1224 1207 1251 terra
1234 1221 1348 1252 exsilii.

995 1315 1053 1353 Qui
1081 1315 1223 1346 viventes
1249 1317 1333 1347 iuter
1359 1321 1480 1359 gentes,

993 1364 1080 1402 Quae
1096 1363 1243 1395 Caesaris
1256 1369 1340 1403 sunt⁷
1356 1365 1529 1397 reddentes

1042 1410 1094 1448 Et,
1121 1420 1201 1449 quae
1226 1411 1298 1453 Dei,

1042 1458 1194 1490 Reddunt
1221 1459 1260 1500 ei,

1089 1506 1279 1545 Regnabunt
1304 1507 1336 1538 in
1363 1508 1501 1541 saecula.

995 1601 1130 1640 Quorum
1159 1602 1261 1633 virtus
1287 1603 1488 1643 admiranda,

993 1650 1131 1688 Quorum
1159 1650 1238 1680 fides
1264 1651 1441 1690 adoranda,

1042 1697 1178 1736 Quonim
1207 1702 1280 1729 vota
1307 1703 1494 1731 consecrata

1041 1745 1079 1776 In
1107 1745 1203 1776 caelis
1229 1750 1301 1777 sunt
1328 1747 1493 1779 collocata.

993 1840 1017 1872 O
1044 1840 1124 1872 mira
1150 1841 1305 1880 patientia

991 1888 1026 1919 In
1053 1888 1099 1919 eis
1125 1893 1156 1919 et
1181 1889 1343 1928 potentia!

992 1936 1179 1974 Spectantes
1205 1937 1246 1968 ad
1274 1938 1425 1970 caelestia

994 1983 1182 2023 Despiciunt
1208 1986 1386 2025 terrestria,

991 2031 1154 2071 Spernunt
1178 2037 1351 2076 praecepta
1378 2035 1475 2076 regia.

992 2127 1080 2160 Sciat
1107 2128 1228 2160 Caesar
1253 2131 1398 2170 egregius

989 2175 1055 2207 Nos
1081 2185 1151 2208 esse
1177 2186 1286 2210 servos
1311 2179 1409 2218 illius,

989 2224 1049 2263 Qui
1076 2225 1208 2265 virginis
1235 2230 1285 2258 est
1308 2225 1405 2260 filius,

989 2320 1072 2358 Quos
1099 2324 1166 2352 tota
1192 2322 1273 2353 caeli
1299 2323 1389 2354 curia

988 2369 1124 2408 Accepit
1149 2378 1220 2400 cum
1246 2370 1371 2403 laetitia

986 2415 1030 2447 Et
1057 2417 1217 2449 duxerunt
1241 2418 1283 2450 ad
1307 2429 1451 2460 superna

987 2464 1156 2497 Caelorum
1183 2465 1271 2508 [hos]
1298 2468 1431 2508 palatia.
