1655 2713
660 177 701 181 —
760 157 921 193 133—

148 251 210 284 5a.
241 247 399 284 Decorem
425 253 506 285 ritus
528 254 663 287 Romani

243 298 378 332 Sumant
403 310 512 334 omnes
539 302 603 335 fide
629 304 697 336 sani

292 348 330 380 In
357 357 455 389 regno
481 350 673 393 Bohemiae;

149 454 210 486 68.
243 449 455 488 sacramento
482 456 523 488 sit
550 461 734 490 contentum

242 501 320 534 Ritu
343 503 500 545 Romano,
527 505 692 538 inventum

243 549 353 583 Omnis
379 551 454 584 boni
481 551 723 586 fundamentum

292 599 382 632 Moto
408 609 502 632 sensu
529 606 650 635 extero.

149 706 209 738 7a.
242 702 365 739 Neuma
393 707 486 739 dulce
513 708 731 751 decantemus,

242 754 346 785 Iesum
355 754 517 787 Christum
526 756 756 798 collaudemus,

242 802 348 842 Larga
374 812 451 835 voce
476 813 686 844 personemus

288 850 448 883 Texentes
474 852 680 893 Maynificat.

843 255 906 291 5b.
940 254 1028 292 Ultio
1054 258 1167 298 procul
1194 258 1302 291 divina

940 306 1025 345 Fiat,
1053 306 1081 338 si
1107 311 1213 339 cessat
1242 308 1333 340 ruina

990 355 1106 395 Populi
1132 355 1309 389 Moraviae.

843 460 906 493 ssb.
938 458 1120 495 Karitatem
1146 462 1234 502 pacis
1262 461 1356 504 ferre,

938 510 1073 542 Unionis
1100 514 1131 541 et
1157 519 1218 542 non
1245 519 1389 551 guerrae,

938 558 1038 589 Decet
1063 558 1207 598 quemvis
1232 558 1322 590 huius
1340 564 1446 592 terrae

986 606 1163 646 Imploratu
1190 616 1317 646 supero.

844 712 861 744 7
877 710 908 743 b.
939 708 1037 744 Alma
1064 712 1152 752 virgo
1178 717 1273 752 atque
1300 714 1363 754 pia,

937 759 984 790 Tu
1011 769 1068 791 nos
1096 759 1178 802 fove,
1206 770 1224 792 o
1251 761 1369 801 Maria,

938 807 1052 839 Partus
1075 817 1212 848 namque
1230 809 1270 840 tis
1294 819 1350 841 nos
1371 812 1444 850 quia

984 855 1059 887 Sola
1085 865 1158 898 spes
1186 857 1337 890 viviticat.

532 958 562 991 8.
592 955 733 999 Burgum
760 961 854 991 istum
883 959 1060 996 defensate.

588 1006 730 1046 Patroni,
757 1007 973 1049 interpellate,

590 1054 684 1086 Cives
711 1055 778 1086 eius
802 1055 963 1097 adiuvate,

635 1102 774 1142 Quorum
802 1102 881 1135 fides
908 1104 1034 1136 militat.

189 1203 273 1231 Miss.
305 1213 357 1231 ms.
380 1206 531 1233 Bruuense
561 1215 636 1234 saec.
667 1205 710 1234 15.
737 1208 812 1236 Cod.
835 1210 864 1236 S.
886 1209 986 1236 Iacobi
1012 1211 1138 1238 Bruneu.
1169 1209 1210 1238 12.
1234 1227 1269 1231 -
1292 1212 1352 1238 Auf
1379 1212 1442 1239 dem

112 1243 324 1270 Vorsetzblatt:
353 1244 514 1278 „Praesens
537 1245 612 1272 liber
633 1249 662 1273 et
683 1247 808 1274 missale
831 1251 874 1274 est
896 1248 1137 1283 sigismundi
1168 1251 1291 1280 Knab‚
1322 1251 1437 1278 Notarii

112 1282 222 1308 Brunn.
243 1281 342 1309 datum
359 1283 395 1309 ad
411 1283 505 1311 altare
519 1287 687 1311 sanctorum
704 1285 817 1313 Felicis
833 1289 861 1314 et
875 1287 1001 1314 Adaucti
1017 1288 1204 1322 martyrumf·
1244 1289 1309 1316 Den
1328 1290 1441 1317 Nameu

111 1319 162 1346 des
183 1320 330 1348 Besitzers
354 1322 442 1353 (auch
469 1323 606 1350 Diehters
634 1323 730 1351 dieser
764 1324 910 1361 Seque-uz)
940 1326 1005 1361 gibt
1032 1327 1199 1363 gleicht'alls
1228 1328 1442 1356 voss-tehendes

112 1358 311 1387 Akrostichon
334 1360 453 1388 wieder.

511 1470 575 1500 140.
617 1470 650 1501 In
672 1471 854 1503 Inventione
877 1481 901 1503 s.
924 1472 1058 1504 Foilani.

138 1565 154 1596 1
171 1573 201 1597 a.
233 1564 330 1603 Quasi
355 1565 403 1596 sol
436 1565 577 1597 diluculo

234 1611 354 1644 Nostro
381 1617 495 1646 vernat
521 1615 649 1646 saeculo

281 1661 437 1702 Martyris
462 1662 615 1694 inventio.

134 1768 194 1800 2a.
227 1767 352 1800 Moram
381 1777 515 1800 causans
542 1769 681 1802 Foillani

229 1816 332 1848 Mittit
355 1825 511 1857 quaereus
531 1817 570 1849 de
589 1817 742 1851 Germani

277 1865 445 1905 Responso
471 1866 643 1907 solacium;

130 1971 191 2004 3a.
224 1971 327 2004 Orans
355 1976 439 2004 astat
457 1982 586 2006 mensae
605 1974 737 2014 Christi,

225 2020 288 2053 Per
323 2021 503 2054 columbam
531 2022 627 2054 discit
652 2024 738 2055 tristi

274 2069 422 2101 Fratrem
449 2071 550 2103 sterni
576 2072 724 2112 vulnere3

124 2176 186 2208 4a.
216 2175 376 2208 Constans
402 2177 436 2209 iu
461 2177 580 2210 ieiunio

223 2223 396 2257 Gertrudis
421 2226 524 2258 oratio

270 2273 355 2305 Dum
381 2272 485 2306 fervet
510 2275 694 2313 instantius,

126 2380 186 2414 5a.
217 2379 324 2412 Ductu
349 2381 431 2413 lucis
456 2382 588 2422 praevio

222 2428 400 2470 corporum
427 2431 590 2471 congestio

271 2477 476 2512 Monstratur
500 2479 534 2511 in
558 2479 664 2518 invi03

837 1568 899 1602 lb.
931 1569 1029 1607 Quem
1056 1569 1199 1602 frondosi
1229 1571 1373 1612 tegminis

929 1617 1053 1649 Umbra
1080 1623 1225 1658 saeptum
1253 1620 1384 1660 virginis

977 1666 1106 1707 Detegit
1134 1667 1272 1700 devotio.

830 1771 894 1805 2b.
929 1773 1066 1804 Visionis
1097 1774 1147 1805 hic
1174 1784 1331 1815 supernae

926 1821 1025 1863 Signo
1052 1821 1153 1854 refert
1180 1832 1213 1854 se
1241 1822 1402 1857 fraternae

973 1870 1090 1902 Mortis
1117 1875 1203 1903 metu
1229 1873 1380 1905 saucium.

829 1976 892 2010 3b.
922 1977 1002 2009 Avis
1036 1978 1111 2010 alba
1145 1979 1243 2011 vitam
1276 1980 1437 2021 mundam,

924 2025 1055 2058 Rubens
1081 2027 1133 2058 ala
1159 2028 1246 2059 necis
1272 2029 1390 2060 undam

971 2075 1082 2107 Monet
1110 2076 1308 2116 intellegere.

823 2180 886 2214 4b.
919 2182 1063 2221 Angelus
1090 2182 1149 2214 hoc
1176 2184 1327 2224 suggerit.

920 2230 1011 2268 Quod
1036 2234 1159 2270 martyr
1185 2232 1351 2263 transierit

967 2278 1021 2310 Ad
1046 2287 1178 2319 regnum
1205 2281 1362 2319 superius.

823 2382 884 2416 5b.
915 2383 1068 2416 Defuncti
1098 2385 1217 2418 diutius

923 2432 1083 2465 Redolent
1109 2434 1238 2466 suavius

969 2481 1073 2513 Nardi
1098 2482 1275 2516 stillicidio.
