1655 2713
669 151 928 187 —137—

159 239 219 273 8a.
250 239 335 273 Rota
360 240 466 275 fracta
492 254 589 277 sanus
615 247 711 286 redit,

253 287 331 320 Viso
357 290 449 330 signo
476 293 572 325 turba
598 295 713 332 credit,

302 336 408 370 Multa
437 341 575 372 credunt
599 342 707 384 milia;

156 433 216 465 9a.
247 431 354 473 Digna
380 432 457 475 fide,
483 435 580 468 laude
608 437 705 477 digna

251 481 315 513 Per
339 481 424 513 hunc
443 481 531 514 facta
547 487 661 523 patent
678 485 769 525 signa

300 530 354 562 Ad
380 539 462 570 opus
488 529 650 563 fidelium:

138 673 182 706 10
192 683 222 706 a.
253 673 457 707 Dormientes
484 680 514 706 et
541 676 659 716 sepulti

257 722 452 763 Baptizandi
479 729 611 764 surgunt
638 725 742 764 multi,

301 771 418 803 Renati
444 773 653 805 redormiunt.

140 915 181 947 11
194 923 224 948 a.
255 915 362 946 Pluris
388 916 481 955 plura
507 916 587 948 fiunt
612 917 693 957 istis,

254 963 333 995 Inde
359 963 521 996 Dacianus
546 965 648 996 tristis

301 1010 451 1043 Sanctum
485 1016 612 1053 torquet
638 1013 763 1053 acrius;

128 1108 211 1140 1221.
243 1107 364 1147 Fortis,
394 1109 512 1149 audax,
535 1109 627 1148 lenis,
648 1110 762 1152 laetus,

243 1155 280 1186 In
299 1164 394 1195 quem
414 1156 520 1188 nullus
541 1157 628 1189 cadit
647 1162 761 1198 metus,

242 1202 377 1244 Largus,
392 1204 533 1244 simplex
545 1210 576 1236 et
589 1206 760 1247 discretus,

293 1251 389 1292 Laus,
423 1253 520 1284 decus
547 1254 692 1288 militiae.

128 1347 170 1379 13
182 1356 211 1382 a.
242 1348 344 1380 Israel
371 1349 435 1380 dux
461 1353 493 1380 et
518 1355 696 1392 protector,

247 1396 343 1428 Iudas
360 1397 609 1439 Macchabaeus‚
628 1398 760 1439 Hector,

247 1443 370 1476 Tantus
403 1445 616 1478 Troianorum
643 1451 760 1486 rector,

294 1492 437 1534 Fugiunt
463 1493 647 1535 Georgium.

125 1588 171 1620 14
182 1597 211 1620 a.
243 1588 268 1621 Ο
296 1587 426 1630 Georgi,
454 1590 545 1622 miles
573 1590 705 1629 Christi,

246 1636 341 1668 Cuius
368 1637 470 1670 hostis
495 1643 531 1671 tu
557 1637 660 1676 fuisti,

243 1685 311 1724 Quo
333 1686 464 1718 iuvante
490 1691 524 1718 tu
553 1687 658 1719 vicisti

243 1733 343 1774 Opem
370 1735 459 1774 plebi
486 1734 593 1767 ferens
619 1736 687 1778 isti:

291 1783 360 1814 Fac
386 1793 443 1815 nos
470 1783 516 1816 ita
542 1784 682 1825 vincere,

857 247 877 279 8
890 246 920 282 b.
953 246 1095 279 Credunt
1110 245 1206 283 intus,
1222 243 1356 275 credunt
1373 241 1463 282 foris,

952 295 1062 328 Credit
1089 298 1121 325 et
1143 291 1347 333 imperatoris

1000 342 1092 376 Uxor
1116 340 1327 374 Alexandria.

855 438 916 471 9b.
950 439 1088 471 Sanitati
1110 438 1295 470 restitutum

951 487 1098 527 Caecum,
1130 486 1289 527 claudum,
1319 486 1462 521 surdum,

1289 540 1409 565 mutum

998 583 1098 615 Matri
1123 582 1231 614 reddit
1257 581 1367 614 filium.

831 679 872 710 10
886 677 916 712 b.
949 678 1078 711 Florem
1090 677 1195 710 ferunt
1207 677 1330 710 fructus
1341 678 1461 717 throni,

948 727 1033 766 Quos
1070 724 1153 769 [per]
1194 727 1309 758 multos
1337 726 1462 758 fructus

995 823 1047 854 Ad
1075 822 1172 853 fidem
1199 775 1362 854 alliCiEgR¹

829 918 868 951 11
884 917 914 950 b.
947 917 1015 948 Nec
1042 923 1089 948 est
1114 919 1225 954 lassus,
1255 918 1329 949 licet
1349 928 1462 958 passus

949 965 1078 1005 Septem
1099 967 1191 997 annis
1219 965 1276 996 sub
1303 968 1459 1005 tyrannis,

996 1014 1057 1045 Hic
1085 1014 1175 1045 miles
1203 1014 1346 1046 eximium

827 1110 911 1143 1211.
943 1110 1032 1142 Talis
1059 1112 1189 1141 tandem
1218 1110 1407 1149 decollatur,

946 1158 1131 1190 Decollatus
1157 1165 1337 1194 coronatur,

944 1208 1123 1240 Coronatus
1151 1207 1327 1238 collocatur

991 1256 1026 1286 In
1055 1264 1152 1295 regno
1180 1256 1331 1287 laetitiae.

825 1352 867 1384 13
882 1351 914 1384 b.
946 1351 999 1383 Illi
1022 1351 1084 1382 duo
1112 1361 1170 1391 pro
1195 1361 1323 1383 suorum

943 1399 1046 1431 Causa
1061 1400 1200 1441 stabant,
1221 1409 1308 1431 more
1323 1410 1457 1439 quorum

942 1448 1009 1479 Iste
1036 1445 1133 1491 [dux]
1161 1449 1409 1480 christianorum

990 1495 1072 1528 Fide
1100 1497 1170 1527 tulit
1199 1497 1350 1536 gladium.

825 1591 909 1624 14b.
943 1593 987 1625 Ut
1014 1597 1085 1632 post
1113 1592 1205 1624 huius
1225 1601 1351 1624 cursum
1372 1593 1455 1625 vitae

944 1640 1013 1672 Hac
1036 1637 1154 1684 [finita]
1183 1641 1294 1672 mundi
1320 1641 1377 1672 lite

943 1688 1014 1720 Non
1044 1689 1170 1720 dicatur
1194 1689 1284 1721 nobis
1311 1690 1384 1724 Ite,

942 1737 1006 1769 Sed
1026 1738 1278 1775 Benedicti,
1308 1739 1454 1770 venite

991 1786 1027 1817 In
1053 1791 1219 1818 aeternum
1247 1787 1364 1819 vivere.

195 1877 280 1904 Miss.
302 1886 356 1905 ms.
378 1878 667 1915 Sammagloriauum
691 1889 767 1908 saec.
792 1879 835 1908 15.
858 1881 929 1909 Cod.
951 1881 1078 1908 Pax-isin.
1102 1883 1205 1909 Arsen.
1228 1880 1292 1909 623.
1319 1899 1352 1902 —
1379 1882 1408 1915 1,
1442 1882 1453 1909 1

116 1915 264 1943 Melitana
282 1915 365 1951 (oder
384 1917 543 1951 Militana),
566 1918 750 1955 keineswegs
772 1920 843 1947 aber
867 1920 1017 1951 militaria.
1041 1922 1096 1948 wie
1119 1922 1158 1947 im
1180 1922 1454 1957 Repert.}lyu1nol.

115 1953 291 1982 Chevaliers
313 1965 344 1983 es
365 1956 463 1984 heirst.
486 1971 522 1975 —
546 1955 602 1991 711,
635 1957 648 1985 l
671 1960 750 1993 parit
771 1962 808 1986 et.
830 1973 866 1978 —
887 1957 939 1991 7b,
961 1958 979 1986 3
1002 1960 1128 1987 Dividit.
1150 1975 1186 1978 —
1213 1961 1280 1987 Mel.
1305 1961 1451 1988 uffenbar:

114 1993 268 2021 Laudes
297 1996 435 2023 crucis.

562 2091 625 2122 146.
667 2091 710 2123 De
732 2094 842 2123 sancto
863 2091 1008 2133 Georgia.

143 2169 159 2201 1
173 2178 203 2202 a.
235 2169 394 2212 Georgius
421 2176 593 2204 veneretur

237 2217 281 2250 Et
308 2228 328 2252 a
353 2220 478 2252 cunctis
503 2221 666 2262 imitetur;

286 2267 340 2301 Sic
366 2277 401 2300 se
427 2269 562 2309 quisque
587 2270 726 2311 deserat,

144 2363 207 2399 2³.
236 2363 310 2407 Hic,
340 2364 520 2407 Cappadox
546 2366 683 2407 origine,

239 2412 361 2447 christi
385 2414 454 2446 nati
479 2414 520 2447 de
546 2415 671 2456 virgine

288 2460 424 2495 Secutus
450 2464 597 2505 vestigia.

844 2172 905 2206 lb,
936 2174 1211 2213 Quemadmodum
1247 2179 1333 2207 terra
1368 2175 1453 2208 culta

939 2222 1053 2255 Sentes
1080 2228 1167 2254 arcet
1195 2228 1225 2254 et
1255 2223 1401 2265 virgulta,

987 2271 1030 2304 Ut
1059 2269 1181 2302 fructus
1208 2271 1280 2311 plus
1307 2272 1430 2304 afferat.

841 2366 904 2400 2b.
938 2368 1050 2399 Victor
1077 2368 1168 2399 miles
1195 2377 1254 2408 pro
1281 2369 1389 2408 puella

938 2415 1058 2448 Contra
1085 2416 1255 2448 draconem
1284 2417 1392 2449 duella

986 2465 1078 2496 Fecit
1105 2470 1134 2496 et
1163 2465 1321 2506 prodigia.
