1655 2713
746 150 1002 185 -190—

237 239 257 271 2
269 248 296 270 a.
329 239 446 273 Terras
464 242 608 283 linquens
623 245 726 276 caelos
742 246 836 286 cepit,

331 287 435 320 Caelis
462 291 628 323 multorum
657 294 775 332 rei-epit

376 337 527 369 Votorum
552 341 745 378 precamina.

234 421 253 453 3
266 430 294 453 a.
327 421 351 453 O
366 431 457 461 quam
471 423 607 462 probant
622 430 651 456 et
670 427 835 460 declarant

327 469 475 508 Magnum
503 476 606 503 vatem
633 479 663 504 et
683 480 833 507 enarrant

372 516 544 549 Doctorum
571 521 717 553 oracula!

326 563 468 596 Hilarius
489 566 608 606 absque
635 578 732 611 mora,

326 611 401 642 Cum
427 614 537 645 mortis
563 615 691 648 adesset
716 617 805 659 hora,

322 658 440 691 Leonio
466 661 570 700 plebis
596 663 663 696 lora

370 706 533 740 Commisit
556 719 614 750 per
639 713 775 747 saecula.

923 248 984 282 2b.
1019 250 1124 289 Pater,
1152 253 1446 295 ausculta‚=Leoui,

1017 298 1109 330 Omni
1136 302 1168 330 te
1192 308 1310 340 genere
1335 303 1402 334 toni

1063 345 1185 379 Sonant
1210 353 1320 382 nostra
1347 352 1501 387 carmina.

920 430 982 464 3b.
1016 431 1090 474 Fili,
1118 442 1245 467 sumens
1270 436 1375 476 plebis
1403 447 1512 471 curam

1015 480 1050 511 In
1077 480 1137 512 hac
1163 482 1243 514 urbe
1269 484 1482 527 profuturam,

1061 528 1179 571 Inquit,
1206 540 1225 562 o
1251 534 1413 566 assumito.

1015 575 1086 608 Vita
1113 576 1238 618 fulgens
1265 585 1296 610 et
1323 581 1470 615 doctrina

1014 624 1049 655 In
1077 624 1169 656 huius
1195 628 1305 659 mundi
1333 629 1441 662 labina

1012 672 1127 704 Preces
1158 677 1189 704 et
1216 675 1329 716 dogma
1357 679 1503 718 propina,

1055 720 1170 752 Curam
1197 723 1302 762 plebis
1329 726 1441 765 gerito,

561 798 593 828 4.
622 797 663 829 Ut
690 807 749 839 per
774 805 805 831 te
831 802 1028 842 glorificetur

619 845 735 877 Trinus
761 847 847 880 Deus
874 854 904 881 et
930 856 1055 884 ametur

618 893 659 924 Et
686 903 704 925 a
731 896 852 928 cunctis
878 897 1053 932 honoretur

663 940 781 974 Factor
806 946 926 987 mundi,

956 947 1123 982 Dominus.

276 1018 396 1046 Missale
424 1021 598 1051 pictavense
625 1027 693 1061 imp.
724 1027 847 1056 Parisiis
877 1029 957 1059 1526.
985 1049 1020 1052 —
1043 1032 1096 1067 2a,
1130 1035 1143 1062 1
1173 1038 1263 1066 caelo.
1287 1055 1322 1059 —
1344 1038 1401 1071 2b.
1431 1039 1448 1068 2
1474 1051 1519 1078 sq.

199 1063 303 1090 genere
330 1061 433 1085 tonant
454 1069 530 1087 nunc
551 1066 659 1090 nostra.

648 1184 705 1216 211.
747 1187 788 1217 De
810 1191 918 1221 sancto
939 1190 1061 1224 Livino.

224 1266 282 1297 la.
314 1266 466 1300 Sollemui
491 1280 545 1302 vos
571 1272 703 1306 induite.

317 1314 419 1347 Filiae
446 1317 531 1356 Sion,
559 1320 744 1363 chlamyde3

223 1398 280 1430 2a.
313 1399 387 1431 Iure
413 1403 507 1434 terris
534 1412 713 1447 veneratur,

317 1447 419 1479 Caelis
453 1450 565 1490 dignus
591 1454 641 1493 qui
668 1456 824 1495 probatur

361 1495 431 1527 Tali
458 1499 636 1540 privilegio.

218 1579 277 1612 3a.
310 1580 345 1611 In
371 1581 472 1614 lucem
500 1590 594 1623 partu
620 1588 705 1620 edito

312 1627 364 1659 Sol
390 1639 490 1662 novae
517 1632 594 1664 lucis
621 1636 712 1668 radio

357 1676 512 1710 Mundum
538 1682 641 1720 replet
664 1685 789 1724 gaudio.

214 1758 274 1791 4a.
305 1760 391 1792 Dant
418 1772 516 1802 puero
543 1770 714 1805 praeconia

308 1809 407 1840 Prece
433 1812 525 1850 pulsa
552 1814 727 1858 daemonia,

354 1856 470 1889 Nutrix
497 1861 580 1893 vitae
606 1864 742 1905 reddita,

212 1941 272 1974 5a.
305 1941 330 1973 Ο
356 1941 433 1976 felix
460 1948 684 1988 sacerdotium,

305 1989 400 2022 Cuius
426 1998 565 2027 testatur
590 1999 736 2031 meritum

352 2038 469 2072 Divina
494 2046 667 2078 sententia!

207 2123 269 2155 6a.
301 2125 415 2158 Sacros
441 2130 539 2168 pedes
566 2138 736 2168 veneratur

301 2171 404 2214 Mare,
431 2181 527 2210 nauta
552 2186 745 2221 reportatur,

349 2221 475 2256 Gaudet
502 2235 613 2260 caecus
639 2230 775 2271 lumine3

205 2333 264 2367 7a.
296 2336 399 2378 Super
425 2343 546 2374 orantis
573 2345 724 2378 verticem

300 2384 454 2420 Columba
486 2391 586 2424 stillat
623 2396 806 2435 sanguinem

343 2433 481 2469 Mortem
495 2439 624 2480 signans
635 2444 805 2486 sanguine;

910 1280 969 1314 1b.
1002 1282 1110 1315 Induit
1137 1287 1251 1318 stolam
1278 1289 1398 1328 gloriae

1002 1330 1129 1371 Martyr
1156 1333 1286 1367 Liviuus
1313 1337 1418 1373 hodie.

909 1413 970 1446 ab.
1003 1415 1141 1449 Caelesti
1167 1420 1318 1454 alimonia

1001 1463 1147 1497 Donatnr
1173 1474 1276 1500 mater
1301 1473 1434 1511 gravida

1048 1511 1186 1553 Spiritus
1207 1516 1324 1552 officio.

901 1595 961 1628 3b.
993 1597 1114 1631 Dextra
1141 1601 1245 1641 signat
1268 1605 1331 1637 iam
1351 1613 1510 1651 renatum,

993 1645 1035 1676 Et
1063 1647 1171 1680 divina
1198 1660 1259 1683 vox
1287 1652 1413 1687 beatum

1042 1695 1213 1729 Praedicat
1239 1700 1369 1737 indicio.

901 1775 963 1810 412.
997 1777 1073 1811 Dux
1099 1786 1129 1812 et
1157 1791 1261 1816 comes
1286 1787 1311 1818 it
1337 1791 1479 1835 angeluS,

997 1827 1115 1860 Pontus
1143 1831 1250 1864 minax
1277 1834 1313 1866 fit
1339 1818 1479 1872 floridus

1042 1875 1085 1907 Et
1110 1878 1246 1922 abyssus
1273 1885 1394 1922 pervia

901 1960 919 1990 5
934 1959 962 1992 b.
995 1961 1101 2002 Lepra
1125 1965 1233 1998 iuncta
1259 1972 1402 2011 paral-isi

993 2010 1131 2043 Intranti
1159 2015 1243 2046 cedit
1270 2022 1422 2059 praesuli

1040 2058 1137 2091 Cuius
1165 2071 1269 2095 comes
1295 2070 1410 2106 gratia.

896 2141 954 2176 eb.
988 2144 1062 2177 Post
1076 2148 1233 2186 plectrum
1250 2153 1375 2195 linguae
1390 2159 1502 2196 perdi-

989 2240 1131 2282 Linguae
1157 2205 1440 2296 ωαῃθῐῐῖῐῐῖὶοίυω,

1040 2289 1159 2325 Tortor
1183 2297 1268 2336 perit
1294 2297 1435 2335 fulmine.

894 2353 956 2388 7b.
989 2355 1135 2392 Christus
1161 2367 1245 2396 astat
1271 2371 1301 2397 et
1328 2369 1462 2411 solatur,

988 2404 1105 2439 Tortor
1130 2409 1239 2452 instat,
1267 2418 1299 2446 et
1323 2423 1484 2452 mactatur

1036 2454 1143 2488 Vitam
1169 2465 1283 2494 nactus
1309 2467 1473 2507 sanguine.
