1655 2713
737 159 995 194 —224—

641 252 708 283 250.
750 253 791 284 De
812 254 920 284 saneto
942 252 1098 284 Medardo.

232 331 248 363 1
264 339 293 364 a.
326 332 486 363 Praesulis
513 333 619 364 eximii
920 333 980 367 lb.
1013 334 1073 373 Qui
1099 343 1168 366 cum
1195 335 1303 375 palma
1327 336 1449 377 gloriae

326 379 441 410 Matris
468 380 541 411 Sion
569 380 625 411 filii
1016 382 1136 414 Summi
1163 385 1248 424 regis
1274 384 1370 416 hodie

374 427 541 458 eelebrent
567 428 744 467 sollemnia,
1061 430 1191 462 Transit
1214 431 1256 463 ad
1282 432 1414 471 palatia.

234 512 292 543 Za.
326 512 387 542 Hic
413 512 561 544 sacerdos
587 513 727 555 inclitus,
920 515 981 547 2b.
1014 515 1191 548 Sanctitate
1223 517 1350 560 claruit,

326 560 396 590 Iesu
423 560 541 591 Christi
569 561 735 600 praeditus
1015 563 1113 596 Nulla
1140 564 1213 596 boni
1240 566 1343 597 caruit

372 607 509 646 Speciali
535 609 649 649 gratia,
1061 612 1203 644 Pastoris
1234 614 1403 646 industria.

227 694 286 724 3a‚
319 692 419 724 Sensu
450 702 530 732 puer
554 695 667 737 senuit,
917 696 978 731 3b.
1012 698 1096 739 Pius,
1124 699 1276 740 prudens,
1304 699 1444 740 humilis,

327 741 417 771 Viam
445 741 529 772 vitae
555 743 656 773 tenuit
1010 746 1141 785 Quietus
1167 751 1198 778 et
1224 747 1349 779 stabilis

372 789 520 820 perstans
547 790 577 820 in
605 791 735 832 iustitia,
1058 794 1154 834 Legis
1179 795 1211 826 in
1239 796 1394 828 custodia.

228 874 285 905 411.
321 873 440 904 Summi
466 875 583 914 gradus
611 876 746 908 culmine
912 878 974 911 4b.
1006 880 1124 911 Panem
1152 880 1271 922 frangit
1297 883 1440 922 parvulis

322 921 516 953 Sublimatus
540 923 656 954 lumine
1010 927 1106 959 Verbi
1132 929 1204 968 Dei,
1231 931 1358 970 populis

369 969 428 1000 Dei
455 971 557 1009 replet
583 971 676 1010 atria⁷
1056 976 1200 1016 Adponit
1229 978 1359 1010 cibaria.

227 1054 286 1086 521.
318 1053 387 1085 Non
415 1055 565 1094 pigrescit
591 1057 656 1087 otio
913 1059 974 1092 5b.
1007 1061 1108 1093 Huius
1134 1063 1252 1102 quippe
1278 1068 1422 1104 tempore

322 1101 388 1132 Nec
415 1102 533 1134 claudit
560 1105 690 1135 sudario
1007 1108 1105 1140 Sacro
1129 1113 1245 1142 crescit
1271 1110 1401 1144 foenore

369 1149 572 1182 Talentorum
599 1152 703 1185 xenia.
1055 1156 1182 1188 Domini
1209 1160 1354 1198 pecunia.

224 1234 283 1265 6a.
316 1233 508 1266 Refrenatur
534 1237 644 1267 sedulo
911 1241 971 1273 61].
1003 1242 1142 1274 Arcetur
1171 1253 1188 1275 a
1215 1244 1341 1277 stabulo

321 1281 484 1313 Castitatis
514 1284 638 1323 cingulo
1004 1289 1114 1329 Lupus
1144 1291 1210 1323 eius
1239 1292 1350 1324 baculo

368 1329 558 1362 Lumborum
587 1332 728 1366 lascivia.
1050 1337 1232 1378 Furumque
1258 1340 1404 1381 perfidia.

227 1414 283 1445 7a.
315 1415 469 1446 Alumnos
500 1417 653 1448 ecclesiae
912 1421 972 1454 7b.
1005 1422 1122 1454 Hostes
1148 1425 1225 1457 tuba
1251 1426 1364 1458 ductili

319 1462 471 1493 Caelestis
498 1464 632 1496 militiae
1002 1470 1203 1504 Deterrendo
1237 1474 1325 1514 vigili

363 1509 515 1542 Informat
543 1512 584 1543 ad
612 1513 742 1552 praelia.
1050 1519 1219 1559 Propulsat
1248 1522 1393 1555 excubia.

223 1589 282 1621 Sa.
314 1591 339 1622 Ο
367 1591 476 1622 ducem
502 1594 720 1636 praecipuum,
910 1597 970 1632 8b.
1003 1599 1028 1631 O
1055 1609 1148 1640 quam
1174 1602 1255 1634 iuste
1280 1603 1431 1647 praefuit,

316 1639 340 1670 O
365 1644 524 1678 pastorem
551 1646 712 1674 strenuum
1003 1646 1100 1679 Cuius
1125 1654 1247 1682 tantum
1274 1651 1395 1690 profuit

365 1687 451 1718 Caeli
479 1688 605 1728 dignum
632 1691 744 1729 gloria.
1049 1695 1153 1736 Sagax
1179 1699 1393 1738 providentia.

220 1767 278 1799 9³.
311 1767 411 1799 Huius
438 1774 530 1801 aucta
556 1771 672 1813 studio,
906 1774 968 1808 9b.
1000 1776 1102 1809 Huius
1128 1779 1274 1813 natalitio

314 1815 439 1848 Munita
464 1819 627 1856 praesidio
1000 1825 1116 1857 Votiva
1142 1835 1210 1858 cum
1239 1830 1356 1869 gaudio

361 1863 505 1896 Resultet
531 1867 683 1908 ecclesia3
1046 1872 1206 1907 Solvendo
1232 1879 1413 1916 praeconia.

194 1943 277 1977 loa.
309 1944 405 1976 Cuius
432 1946 509 1978 hora
536 1946 681 1979 funebris
880 1952 922 1984 10
933 1951 963 1984 b.
995 1953 1081 1986 Luce
1107 1954 1179 1988 fusa
1205 1959 1337 1991 caelitus

311 1992 429 2024 Radiat
454 1994 486 2025 in
515 1995 668 2037 tenebris,
996 2001 1115 2034 Locum
1141 2006 1243 2036 sancti
1268 2007 1422 2040 transitus

357 2040 440 2072 Dum
468 2044 719 2083 supercaelestia
1045 2050 1167 2083 Ornant
1194 2054 1373 2087 luminaria.

190 2119 230 2152 11
244 2129 272 2154 a.
310 2122 335 2153 Ο
362 2122 529 2161 Menai-de,
556 2126 738 2164 praesulum
880 2130 920 2162 11
937 2129 965 2163 b.
997 2131 1042 2164 Ut
1066 2138 1139 2172 post
1165 2135 1236 2167 viae
1262 2138 1402 2170 stadium

307 2169 413 2201 Decus
438 2174 533 2211 atque
558 2173 732 2216 speculum,
999 2180 1091 2212 Vitae
1117 2181 1208 2214 nobis
1235 2183 1380 2218 bravium

355 2218 482 2250 Christo
507 2229 564 2251 nos
592 2221 734 2265 coucilia,
1044 2228 1206 2262 Concedat
1232 2232 1263 2263 in
1295 2235 1411 2274 patria.

263 2302 344 2328 Miss.
369 2304 553 2333 Tomacense
575 2307 643 2342 imp.
666 2307 788 2335 Parisiis
814 2307 895 2338 1498.
915 2312 950 2339 A.
965 2327 1002 2331 —
1022 2313 1104 2341 Miss.
1127 2316 1311 2347 Tomacense
1333 2321 1402 2357 imp.
1423 2322 1507 2351 Pari-

187 2340 240 2366 siis
265 2338 344 2368 1509.
367 2343 400 2368 B.
422 2356 459 2362 —
479 2344 561 2371 Miss.
583 2345 766 2374 'romanense
787 2348 856 2384 imp.
878 2350 1059 2388 Antverpiae
1085 2351 1167 2382 1527.
1189 2356 1220 2383 C.
1239 2372 1275 2377 —
1290 2359 1372 2387 Miss.
1394 2361 1507 2390 Torua-

186 2386 271 2406 cense
293 2380 361 2415 imp.
383 2381 506 2409 Parisiis
529 2381 610 2411 1540.
631 2384 669 2411 D.
691 2399 724 2404 —
743 2384 794 2421 lb,
817 2385 831 2414 1
854 2388 951 2424 palme
972 2390 1009 2417 D.
1025 2407 1061 2411 —
1075 2389 1127 2425 3a‚
1148 2391 1167 2421 3
1187 2395 1346 2425 Praestans
1366 2399 1455 2428 BCD.
1469 2417 1508 2422 —

186 2414 245 2449 312,
271 2415 289 2443 3
310 2418 341 2444 in
362 2419 434 2446 fehlt
454 2421 486 2447 B.
507 2435 543 2440 -
567 2420 624 2453 Ga,
652 2421 665 2450 1
687 2423 862 2453 Refematur
883 2427 916 2455 B.
937 2442 975 2448 —
996 2427 1056 2462 9a,
1084 2429 1102 2459 3
1122 2433 1259 2462 Resultat
1279 2436 1315 2464 D.
1336 2452 1373 2456 —
1397 2437 1468 2473 lob,
1489 2438 1508 2469 3

185 2456 287 2482 Ornat.
308 2456 422 2485 ABCD.
