1655 2713
183 418 253 452 22.

179 539 249 572 3³.

176 757 247 789 4a.

175 928 243 959 52.

170 1041 239 1072 6a.

162 1349 230 1382 7a.

162 1561 231 1593 aa.

157 1773 228 1807 9a.

128 1938 177 1972 10
191 1949 221 1972 a.

702 183 963 218 —101—

619 273 681 306 103.
724 276 765 308 De
787 278 897 309 saneto
919 278 1036 318 Cyrico.

731 357 761 391 1.
787 358 941 401 Alleluia,

285 418 373 452 Deus
399 424 550 462 quoniam

284 477 416 509 magnus
435 479 513 511 prae
533 475 657 507 cunctis
672 480 796 519 exstat3

284 540 382 573 Nulla
408 543 491 575 enim
521 545 645 579 cithara

281 597 340 620 nec
365 590 462 623 ullius
489 602 567 625 voce
594 596 732 629 melodia

280 637 366 670 valet
391 640 536 679 pandere
563 642 612 674 illi
640 650 732 684 grata

280 683 410 727 famina,

279 758 442 797 Quaenam
469 761 577 802 lingua

279 811 402 846 septem
429 809 513 840 valet
539 810 596 842 illa

275 855 400 887 solvere
426 857 601 896 signacula.

277 926 352 958 Sine
378 928 498 960 semine
524 930 630 962 Maria

275 974 365 1007 illum
392 977 501 1016 genuit
528 987 697 1019 puerpera,

272 1041 379 1073 Isdem
414 1043 534 1083 pietate
570 1055 631 1077 non
659 1047 786 1080 modica

271 1089 361 1121 dedit
388 1091 488 1133 signa,

269 1146 329 1177 per
350 1147 432 1178 quae
457 1141 587 1180 perdita

271 1186 464 1219 donaremur
490 1189 642 1221 citissime
666 1192 782 1230 patria.

263 1350 353 1381 Haec
380 1357 427 1384 est
456 1353 516 1392 via,
545 1354 620 1395 vita,

264 1399 394 1439 veritas,

265 1447 354 1479 cuius
382 1452 546 1482 teneamus

263 1496 408 1536 vestigia.

264 1562 301 1594 In
327 1566 451 1596 tantum
478 1567 596 1598 caritas

264 1611 384 1643 caelica

263 1668 319 1690 nos
347 1660 460 1700 dignos
486 1668 630 1702 praestat

259 1707 301 1739 ad
328 1717 386 1740 sua
411 1708 576 1751 beneficia,

259 1775 310 1808 Ex
337 1786 400 1816 quo
427 1778 492 1810 vita
519 1779 679 1813 subducta

259 1824 359 1856 voluit
393 1830 536 1859 nostram
570 1830 769 1869 sepulturam

256 1872 375 1905 babere
402 1874 464 1906 sibi
490 1876 627 1917 sociam3

255 1939 389 1973 Scaudit
415 1946 448 1974 et
473 1943 561 1977 clara

253 1990 413 2022 caelorum
441 1989 496 2036 [ad
522 1993 616 2036 alta]‚
732 2009 750 2029 *
781 2010 799 2030 *

250 2038 318 2077 Quo
342 2039 444 2072 libere
465 2041 601 2075 haberes
619 2044 703 2078 viam
756 2047 774 2066 *

249 2087 292 2119 ad
319 2093 451 2122 aeterna
706 2082 749 2138 ἧς*
779 2083 797 2103 *

249 2135 381 2180 palatia,

691 2212 745 2244 11.
773 2211 929 2254 Benigna.

884 433 903 464 2
921 431 950 465 b.
983 433 1069 473 Ergo
1097 443 1180 466 nunc
1205 440 1315 469 nostra

980 481 1111 514 laudant
1138 483 1186 515 illi
1212 489 1353 524 pectora.

882 551 948 585 3b.
981 554 1044 586 Sed
1072 554 1139 586 laus
1167 556 1233 587 eius
1260 560 1366 590 terrea

878 767 945 801 4b.

871 935 937 968 5b.

871 1050 936 1083 6b.

867 1358 932 1394 71³,

863 1572 930 1606 8b.

858 1784 927 1819 9b.

807 1950 922 1994 *1οὴ

976 606 1023 632 est
1051 603 1095 634 nil
1122 604 1183 635 iam
1211 613 1228 636 a
1249 614 1324 637 voce
1342 607 1491 648 angelica

976 649 1024 680 illi
1053 650 1162 683 habita
1188 653 1219 684 in
1247 655 1381 693 perenni

975 698 1088 739 gloria.

977 769 1063 808 Quae
1090 771 1219 804 Christo
1246 778 1375 806 cautant

972 821 1097 850 centum
1126 820 1341 860 quadraginta

974 869 1173 906 quatuorque
1199 869 1313 901 milia?

969 937 1028 975 Qui
1057 943 1192 977 paterna
1219 941 1249 972 vi
1278 943 1370 974 unica

964 994 1081 1024 supera
1107 991 1195 1019 tenet
1222 993 1252 1020 et
1280 990 1399 1026 infima.

969 1051 1093 1084 Novum
1129 1056 1263 1094 protulit
1298 1058 1391 1090 nobis
1428 1059 1483 1092 ba-

1195 1105 1323 1147 misma,

964 1157 1026 1188 quo
1054 1154 1164 1183 renata

964 1198 1078 1229 mentis
1106 1199 1225 1232 lumina

964 1246 1221 1284 proveherentur
1255 1246 1410 1295 [summa]
1436 1254 1477 1285 ad

1189 1298 1330 1331 aethera.

965 1360 1054 1392 Haec
1081 1372 1152 1394 nam
1180 1370 1252 1396 sunt
1281 1373 1456 1407 praecepta

958 1409 1082 1449 intima,

963 1467 1046 1497 quae
1073 1467 1130 1490 nos
1158 1461 1318 1493 deducant
1346 1463 1387 1494 ad

961 1505 1122 1541 sublimia.

963 1573 1006 1605 Ut
1033 1583 1128 1606 eruce
1155 1577 1268 1608 territa

960 1623 1092 1662 propria

959 1671 1061 1709 piaret
1086 1673 1239 1713 membra,

957 1727 1019 1758 quo
1046 1726 1210 1753 manerent
1239 1723 1377 1756 siderea.

960 1787 1100 1827 Surgens
1129 1789 1180 1821 die
1204 1792 1298 1822 tertia

953 1837 1111 1868 concessit
1138 1838 1230 1870 nobis
1258 1840 1419 1873 licentiam

952 1887 1138 1925 resurgendi
1167 1888 1209 1920 ad
1236 1888 1384 1932 gloriam,

955 1953 1025 1992 Quo
1052 1963 1086 1985 se
1112 1955 1204 1987 nobis
1230 1957 1300 1996 pius
1327 1958 1421 1991 cedat

951 1999 1100 2034 famulari

948 2059 1007 2090 per
1033 2052 1162 2084 saecula

947 2098 989 2130 Et
1016 2109 1073 2131 nos
1098 2100 1130 2132 in
1157 2111 1213 2133 sua

947 2147 1153 2180 transfundat
1182 2151 1306 2183 viscera

203 2269 294 2306 Trop.
316 2281 368 2300 ms.
387 2273 573 2303 Nivernense
593 2284 669 2303 saec.
694 2275 738 2305 11.
753 2278 824 2306 Cod.
841 2279 971 2309 Parisin.
987 2280 1064 2309 9449
1080 2284 1113 2310 A.
1128 2298 1165 2302 —
1181 2284 1302 2320 Antiph.
1318 2289 1353 2312 et.
1371 2286 1460 2314 Grad.

122 2315 179 2335 ms.
201 2308 388 2340 Nivernense
409 2321 486 2341 saec.
511 2312 554 2341 12.
577 2314 648 2343 Cod.
671 2316 796 2344 Pan-isin.
819 2318 915 2346 Νοιιν.
938 2320 1009 2356 Acq.
1035 2319 1116 2348 1235.
1138 2323 1171 2351 B.
1195 2337 1229 2341 —-
1253 2324 1309 2351 Die
1330 2324 1461 2353 Melodie

121 2344 210 2380 (nach
230 2347 297 2376 dem
314 2350 440 2379 Schema
457 2353 658 2387 „Quoniam
672 2354 700 2381 D
709 2363 751 2382 eu
760 2364 773 2382 s
793 2364 822 2383 m
831 2365 848 2384 a
857 2357 868 2384 i
877 2357 931 2385 or“
948 2359 1005 2395 vgl.
1022 2360 1123 2394 „Alme
1135 2361 1217 2388 Deus
1232 2363 1279 2389 cui
1295 2364 1457 2396 serviunt‚“

121 2384 208 2414 Anal.
220 2387 284 2423 XL,
297 2389 348 2417 Nr.
360 2389 410 2424 43,
426 2391 486 2419 und
499 2391 658 2428 „Promere
668 2392 808 2430 chorda“‚
819 2395 906 2424 Anal.
919 2398 981 2431 XL,
995 2396 1046 2425 Nr.
1059 2396 1126 2432 289)
1138 2399 1229 2428 bietet
1239 2401 1263 2428 A
1276 2402 1307 2429 in
1314 2403 1459 2436 Neumeu,

122 2423 148 2450 B
159 2425 191 2452 in
198 2426 412 2457 Notenschrift.
420 2428 482 2458 —3
493 2431 522 2463 b.
534 2429 552 2458 2
563 2431 600 2459 ad
612 2440 685 2460 voce
693 2432 769 2459 A.—
777 2431 796 2461 3
807 2433 835 2469 b,
846 2431 869 2463 3
877 2436 908 2463 in
938 2438 1038 2464 eronni
1051 2439 1126 2465 stort
1136 2438 1184 2466 die
1193 2438 1425 2479 Endassonanz3
1438 2443 1456 2471 l.

120 2465 264 2493 aeterua?
276 2466 414 2496 habitant
423 2469 458 2496 A.
467 2469 530 2498 —6
538 2471 565 2502 b.
587 2469 709 2507 2quare
718 2472 906 2506 nata⁴AB..—,
942 2476 968 2510 b,
980 2474 998 2503 4
1011 2477 1223 2512 proveheretur
1234 2479 1295 2506 AB.
1307 2493 1344 2500 —
1356 2479 1391 2509 10
1400 2490 1426 2513 a.
1439 2481 1457 2510 4

119 2505 272 2533 aeternam
281 2507 312 2534 B.
322 2507 527 2536 —Iuhaltlieh
539 2506 646 2537 nimtnt
655 2509 703 2538 die
711 2509 846 2548 Sequana
857 2509 972 2551 aufden
982 2514 1022 2542 hl.
1032 2515 1155 2551 cyricus
1163 2525 1217 2553 gar
1225 2517 1335 2547 kainon
1344 2520 1456 2557 Bezug.
