1655 2713
627 767 648 797 1.
690 766 724 797 ln
745 765 920 797 Nativitate
942 764 1073 796 Domini.

208 857 266 889 la.
302 856 423 889 Divino
448 856 591 888 balsamo

203 1194 264 1225 2a.

202 1530 264 1563 3a.

203 1868 264 1900 4a.

202 2209 264 2240 5a.

348 904 491 936 Mundus
517 905 692 944 inungitur,

301 952 383 984 Dum
411 961 504 984 sacro
530 953 671 985 thalamo

349 1000 492 1040 Sponsus
519 1001 692 1042 egreditur,

301 1049 393 1088 Quod
420 1049 527 1081 David
553 1049 675 1080 calamo

351 1097 461 1128 Veloci
487 1097 649 1129 scribitur.

302 1193 339 1225 In
366 1196 476 1224 nostro
502 1201 636 1232 vespere

347 1241 462 1273 Oriens
488 1241 600 1279 oritur,

300 1288 385 1321 Vera
411 1289 450 1321 de
476 1289 608 1329 palmite

347 1337 434 1369 Vitis
461 1338 678 1379 progreditur,

300 1385 348 1416 De
374 1395 430 1417 suo
453 1395 550 1426 opere

347 1432 465 1474 Opifex
492 1434 608 1466 editur.

301 1529 453 1562 Miranda
479 1531 607 1562 saeculo

347 1578 410 1609 Res
434 1588 557 1610 summa
583 1578 716 1618 geritur,

295 1625 378 1657 Dum
405 1627 475 1658 sine
500 1627 642 1658 masculo

349 1674 464 1706 Partus
489 1675 670 1714 concipitur

296 1721 340 1753 Et
367 1722 476 1754 clauso
502 1723 632 1754 vasculo

348 1770 485 1802 Pudoris
511 1771 665 1804 nascitur.

301 1867 367 1900 Sub
394 1867 478 1900 nube
503 1868 597 1900 latuit

349 1916 403 1948 Sol
432 1916 499 1948 veri
525 1917 667 1957 luminis,

297 1964 380 1996 Dum
408 1963 544 1996 formam
571 1965 677 1997 induit

345 2013 485 2045 Humani
511 2014 670 2054 tegminis.

298 2062 400 2101 Quem
426 2061 514 2094 Deus
539 2063 658 2103 genuit,

346 2109 486 2142 Consors
512 2115 560 2142 est
586 2111 734 2144 hominis.

302 2207 419 2240 Pastor
443 2207 627 2247 pastoribus

349 2255 452 2287 Natus
477 2257 641 2296 apparuit,

297 2304 341 2336 Et
368 2304 408 2336 de
434 2304 628 2337 caelestibus

346 2352 494 2393 Hymnus
519 2353 671 2394 innotuit,

301 2402 369 2442 Quo
395 2401 474 2433 nihil
502 2401 627 2434 dulcius

349 2450 466 2482 Audiri
491 2450 606 2491 potuit.

903 856 962 888 lb.

902 1192 963 1225 2b.

899 1529 962 1562 3b.

899 1868 962 1901 4b.

999 856 1120 887 Nectar
1145 856 1323 897 angelicum

1045 904 1080 935 In
1105 904 1200 935 terris
1228 904 1357 941 bibitur,

996 952 1037 983 Et
1064 961 1182 983 manna
1208 952 1376 992 mysticum

1047 1000 1095 1031 De
1119 1000 1216 1031 caelis
1243 1000 1391 1040 mittitur,

997 1048 1129 1080 Gratiae
1157 1049 1314 1080 canticum

1045 1096 1172 1135 Ubique
1199 1097 1334 1128 canitur.

1001 1192 1048 1224 De
1081 1193 1184 1232 patris
1211 1193 1290 1226 solio

1045 1242 1178 1280 Sputum
1209 1241 1378 1278 emittitur,

995 1289 1031 1320 In
1059 1293 1166 1320 terrae
1192 1290 1298 1321 medio

1043 1337 1157 1368 Lutum
1187 1338 1364 1376 conficitur,

995 1386 1065 1418 Tali
1094 1386 1228 1426 collyrio

1043 1434 1113 1465 Lux
1141 1435 1230 1466 caelo
1257 1434 1414 1467 redditur.

999 1530 1209 1562 Ineffabiliter

1043 1579 1130 1610 Deus
1155 1579 1337 1618 ingreditur

995 1627 1038 1659 Et
1065 1627 1256 1658 mirabiliter

1043 1675 1148 1707 Homo
1175 1674 1325 1713 efficitur,

993 1723 1061 1755 Nec
1087 1724 1134 1755 sie
1160 1733 1216 1755 nee
1243 1724 1338 1755 aliter

1046 1772 1154 1804 Pudor
1180 1773 1349 1804 amittitur.

999 1868 1071 1900 Non
1099 1869 1187 1900 novit
1214 1870 1296 1901 ratio

1045 1917 1242 1958 Conceptum
1269 1918 1402 1958 virginis

996 1967 1073 2006 Aut,
1101 1975 1183 2006 quae
1209 1967 1251 1998 sit
1277 1967 1351 1997 unio

1045 2015 1104 2046 Dei
1132 2019 1162 2046 et
1188 2015 1335 2049 hominis,

993 2063 1108 2094 Totum
1136 2068 1184 2094 est
1210 2064 1294 2095 actio

1042 2111 1180 2152 Superni
1206 2112 1355 2143 numinis.

902 2208 969 2241 5b.
1006 2208 1211 2248 Complutum
1240 2209 1372 2240 caelitus

1050 2257 1159 2288 Vellus
1186 2257 1365 2292 immaduit,

998 2306 1063 2338 Ros
1090 2305 1192 2337 sancti
1219 2305 1352 2345 spiritus

1047 2353 1211 2394 Virginem
1237 2354 1400 2394 compluit,

998 2402 1041 2434 Et
1068 2402 1115 2433 sic
1142 2402 1297 2434 divinitus

1050 2451 1169 2482 Venter
1194 2451 1354 2485 intumuit.
