1655 2713
725 167 864 203 —325
917 189 960 194 —

181 259 266 295 1521.
298 259 454 293 Obruitur
479 261 654 303 lapidibus,
879 267 920 300 15
933 267 963 302 b.
995 268 1091 300 Dona
1117 269 1255 310 culpam,
1284 270 1355 302 dele
1382 280 1509 313 noxam,

300 308 380 341 Orat
405 318 466 349 pro
492 309 714 350 lapidantibus
997 317 1068 349 Illis
1095 317 1195 349 redde
1221 318 1397 359 innoxiam,

349 356 442 389 Genu
469 356 569 389 flectit
593 363 626 390 et
642 363 814 399 precatur:
1045 365 1178 397 Factum
1206 366 1292 399 istud
1311 368 1507 401 remittatur.

181 444 225 478 16
236 453 265 477 a.
296 444 340 476 Hi
373 445 538 488 nesciunt,
573 447 651 486 quid
678 446 811 488 faciunt,
877 450 919 483 16
931 450 961 485 b.
994 452 1054 484 His
1081 458 1246 493 peccatum
1273 463 1313 486 ne
1339 458 1462 487 statuas

299 493 434 532 Quando
461 493 561 526 iustos
588 496 791 536 percutiunt3
994 500 1063 532 Nec
1078 502 1253 533 vindictam
1271 503 1369 534 ullam
1384 512 1504 545 sumas,

349 541 412 574 Cor
438 541 565 574 illorum
592 543 774 579 induratur.
1044 549 1107 581 Oro
1135 551 1282 593 supplex,
1309 552 1507 592 ignoscatur.

179 627 222 661 17
233 636 262 662 a.
296 628 376 660 Fert
401 628 518 660 iniuste
543 629 646 661 iustus
664 639 811 674 poenam,
876 634 918 666 17
935 633 965 666 b.
998 635 1117 667 Tactus
1144 637 1208 667 ictu
1235 638 1380 678 pugionis

296 676 340 708 Et
373 680 513 709 atrocem
542 676 650 710 ferens
676 683 810 711 mortem
994 683 1037 715 Et
1064 693 1132 715 cuni
1160 686 1282 724 pertica
1310 685 1439 718 fullonis

339 725 810 767 Huiuscruraconfringuntnr.
1043 732 1143 772 Caput
1172 733 1239 764 cius
1265 735 1426 768 atteritur.

175 811 258 844 1821.
289 812 367 844 Post
392 821 528 852 agonum
555 817 603 845 tot
628 813 774 856 sudores,
872 816 914 848 18
926 816 957 851 b.
990 816 1103 850 Defert
1131 820 1269 858 palmam
1297 821 1473 853 laureatam

294 860 369 892 Post
397 869 571 900 poenarum
600 866 645 893 tot
670 862 806 904 labores,
987 866 1063 897 Post
1081 867 1162 898 hanc
1172 869 1269 899 vitam
1290 870 1498 909 temporalem

292 908 518 949 Tyrannorurn
541 914 588 942 tot
615 911 747 953 rigores,
989 915 1041 946 Ad
1069 915 1202 954 gloriani
1232 917 1457 956 triumphalem

340 956 524 990 Certamina
549 962 597 990 tot
624 957 719 991 fortia
1036 963 1099 994 Per
1124 968 1259 1003 angusta
1286 966 1428 1005 vestigia.

171 1043 214 1076 19
229 1052 258 1074 a.
293 1043 426 1076 Scandit
453 1045 560 1076 caelos
586 1045 760 1086 laureatus,
871 1047 955 1080 191).
989 1048 1037 1079 Tu
1063 1049 1106 1080 sis
1133 1050 1247 1081 solaris
1275 1051 1394 1089 radius,

289 1091 353 1124 Ubi
380 1101 521 1124 summus
547 1096 596 1124 est
619 1097 749 1125 senatus
988 1096 1031 1129 Ut
1058 1098 1210 1129 ascendat
1239 1098 1371 1130 liberius

290 1140 335 1172 Et
359 1145 510 1173 aeternus
536 1142 750 1182 principatus,
987 1145 1040 1177 Ad
1066 1146 1171 1177 caelos
1199 1152 1307 1178 noster
1333 1149 1455 1180 animus

340 1189 503 1230 Perpetua
528 1191 694 1223 memoria.
1036 1194 1114 1225 Cum
1143 1193 1229 1225 felici
1257 1196 1401 1228 victoria.

166 1276 249 1309 20a.
281 1276 362 1308 Esto
388 1277 476 1308 rivus
503 1281 535 1308 et
561 1277 691 1315 canalis,
864 1280 908 1312 20
920 1279 950 1311 b.
984 1280 1047 1313 Ubi
1066 1290 1125 1312 nec
1144 1291 1214 1313 cras
1230 1291 1287 1313 nec
1300 1282 1495 1325 hesternum,

287 1323 336 1355 Ne
362 1328 475 1364 pereat
501 1329 577 1358 tunc
604 1326 752 1369 carnalis,
983 1328 1047 1360 Sed
1075 1334 1121 1361 est
1149 1330 1233 1362 idem
1260 1331 1459 1372 hodiernum,

283 1372 389 1405 Homo
420 1377 529 1405 noster
554 1374 702 1406 animalis
982 1377 1047 1409 Ubi
1073 1378 1170 1415 salus,
1198 1378 1251 1410 ubi
1279 1379 1354 1417 vita,

332 1421 535 1453 Perducatur
561 1423 603 1454 ad
631 1423 759 1463 gaudia,
1031 1426 1160 1457 Infinita
1193 1432 1239 1458 cst
1267 1427 1378 1467 gloria.

239 1505 402 1534 Collectan.
432 1517 484 1534 ms.
506 1508 693 1535 Victorinum
722 1517 798 1536 saec.
828 1507 887 1545 [13.
911 1508 968 1560 15]
992 1509 1034 1538 16.
1058 1512 1128 1538 Cod.
1152 1512 1278 1539 Pan-isin.
1307 1512 1413 1540 14572.
1435 1515 1493 1541 Mit

160 1544 214 1572 der
235 1545 370 1581 Angabe:
401 1546 530 1580 „Auctor
550 1547 586 1573 N.
608 1547 764 1575 Hamelius
785 1548 974 1576 Victorinus‘
1003 1550 1062 1576 und
1077 1550 1128 1577 der
1150 1551 1324 1579 ‚Jahreszahl
1351 1551 1432 1579 1574.
1456 1568 1493 1571 —

158 1581 212 1616 7³,
238 1583 250 1611 1
273 1588 452 1612 sanctarum.
474 1599 511 1603 —
535 1584 603 1613 15a.
624 1583 642 1613 3
663 1586 753 1613 flexit.

540 1739 607 1770 347.
650 1739 691 1771 De
714 1749 738 1771 s.
761 1741 933 1773 Laurentio
955 1741 1118 1783 Episcopo.

181 1838 246 1870 la.
279 1837 489 1878 congaudeat
514 1839 607 1880 plebs
634 1840 751 1880 pistica
884 1841 944 1876 lb.
978 1843 1015 1875 In
1042 1843 1142 1875 natali
1168 1842 1225 1875 filii
1253 1844 1356 1885 regis3

283 1886 376 1919 Nova
402 1886 591 1928 praeferens
617 1889 753 1931 cantica,
978 1891 1081 1924 Natus
1109 1897 1206 1931 terra,
1234 1896 1327 1924 natus
1354 1893 1464 1933 caelis,

327 1935 793 1979 Novumlaudispraeconium‚
1025 1940 1151 1972 Novum
1175 1940 1281 1972 ferens
1300 1942 1492 1983 tripudium,

180 2023 239 2055 2³.
271 2022 322 2055 De
346 2024 468 2055 semine
494 2024 593 2065 regio,
880 2026 944 2059 2b.
979 2027 1037 2059 Vir
1062 2027 1196 2059 illustris
1224 2033 1254 2059 et
1281 2029 1425 2069 insignis,

273 2071 325 2103 Ex
353 2072 454 2113 regali
482 2073 619 2105 conubio
976 2076 1053 2108 Plus
1088 2077 1207 2108 virtute
1233 2077 1442 2117 praenobilis,

323 2119 508 2153 Generatur
533 2121 738 2162 Laurentius,
1023 2125 1122 2164 Quam
1151 2134 1267 2165 genere
1294 2126 1453 2168 egregius.

171 2208 232 2241 3a.
264 2207 317 2239 Ex
342 2208 445 2248 regali
471 2208 575 2248 stirpe
600 2211 705 2248 natus,
875 2210 937 2244 3b.
969 2211 1163 2244 Laurentius
1190 2212 1363 2254 laureatus,

268 2255 381 2297 Regis,
408 2257 540 2298 reginae
566 2256 664 2298 filiuS,
971 2260 1131 2292 Laurcata
1157 2261 1265 2300 palma
1292 2261 1426 2302 cinctus,

323 2304 485 2338 Traxerat
510 2305 678 2346 originem.
1020 2307 1488 2350 Laureatamdefertpalmam,

171 2394 236 2426 42.
270 2391 368 2424 Hunc
394 2391 491 2433 elegit
518 2392 605 2424 inter
630 2390 749 2425 fratres
874 2397 895 2428 4
910 2394 941 2427 b.
971 2395 1089 2436 Spreta
1106 2395 1200 2428 domo
1226 2397 1397 2436 temporali

268 2439 384 2481 Neque
408 2443 517 2473 tamen
542 2440 592 2473 illi
618 2449 725 2481 pares,
969 2443 1108 2476 Militiae
1135 2444 1280 2477 clericali

317 2488 500 2522 Dedicatur
524 2489 556 2522 in
585 2489 715 2523 divinis.
1018 2492 1179 2525 Scribitur
1204 2493 1378 2535 obsequiis.
