1655 2713
188 565 247 595 23.

189 736 248 767 3a.

186 908 245 938 4a.

193 1126 253 1156 52.

188 1295 248 1327 Ga.

193 1702 249 1734 722.

189 1873 247 1905 Sa.

187 2094 206 2123 9
218 2100 246 2124 a.

164 2312 246 2345 1021.

783 165 852 200 286

626 298 693 329 323.
736 297 776 327 De
797 297 906 328 sancto
928 295 1010 327 Vito.

552 390 579 421 1.
614 387 741 419 Laudes
767 386 836 419 Deo
861 387 947 426 patri

619 440 650 466 et
676 434 742 466 filio
767 435 841 466 Iesu
866 435 995 468 Christo

620 483 811 524 spirituique
836 487 958 524 sancto,

279 562 373 593 Cuius
400 562 483 592 dono
511 561 615 598 Vitus,

282 613 408 640 sanctus
434 617 523 648 puer,

280 657 417 694 emicuit,

279 733 403 765 Genere
430 733 516 764 claro

280 781 422 812 Romano

281 829 414 859 militiae
441 832 544 860 natus,

278 905 395 937 Mirum
424 905 521 945 dictu,
548 914 565 936 a
593 908 685 943 patre

285 962 341 983 suo
365 953 510 983 tantillus

283 1000 398 1031 multas
421 1000 542 1038 patitui·

283 1048 433 1081 iniurias:

285 1123 407 1154 Invitus
435 1123 568 1161 denique

286 1178 366 1209 puer
391 1170 475 1209 patri
501 1169 647 1200 redditur

291 1218 412 1248 tamdiu
438 1217 633 1253 mulcendas,

279 1293 337 1332 Qui
362 1302 418 1323 nec
444 1293 588 1323 ludorum
617 1293 721 1323 choris

281 1345 334 1371 aut
360 1341 461 1380 epulis

281 1388 385 1419 animo
412 1387 531 1418 fractus

281 1436 375 1466 cessit
400 1435 505 1474 idolis,

282 1483 338 1514 sed
363 1483 479 1513 cultum

281 1531 408 1569 superni

281 1578 362 1617 regis
390 1578 525 1616 diligens

280 1625 394 1656 mansit
423 1625 602 1658 immobilis.

281 1702 369 1740 Quod
398 1710 476 1740 puer
501 1702 664 1741 septennis

285 1753 407 1788 patrem
435 1750 597 1788 proprium

282 1797 453 1827 contemnit
465 1802 495 1828 et
505 1805 623 1835 poenas
635 1797 787 1839 despicit3

279 1873 304 1904 Ο
330 1876 438 1903 sancte
465 1873 548 1914 Vite,

281 1924 429 1951 aeternae
457 1920 539 1952 vitae

280 1972 443 1999 consortes
468 1977 525 1999 nos
552 1968 604 2008 pie

281 2016 446 2055 constitue,

278 2091 340 2122 Sed
366 2099 383 2122 e
410 2095 521 2123 contra

279 2139 455 2179 imperator

281 2190 504 2226 recompensat

281 2234 397 2266 malum
423 2244 482 2275 pro
508 2234 610 2274 bono3

280 2311 351 2343 Nisi
378 2312 466 2351 prius
490 2312 683 2344 consentiret
710 2316 740 2344 et

279 2363 330 2391 tus
354 2359 483 2391 offerret

281 2407 437 2439 idolorum
466 2408 528 2440 ritu
551 2409 641 2440 iuxta

279 2465 397 2487 morem
421 2457 499 2497 legis
525 2457 704 2497 impiorum.

873 558 934 593 2b.

875 731 937 763 3b.

876 903 939 936 4b.

879 1122 942 1155 5b.

874 1293 935 1326 6b.

874 1703 936 1735 7b.

873 1874 934 1908 8b.

873 2093 935 2127 9b.

851 2315 894 2348 10
907 2315 938 2349 b.

967 581 1275 591 ......

969 732 1040 772 Qui⁷
1068 732 1142 763 dum
1169 732 1334 771 septennis

971 778 1083 811 fuisset

970 832 999 858 et
1027 828 1187 859 Christum
1214 828 1345 866 coleret,

970 905 1089 935 Verum
1114 913 1134 935 a
1159 904 1309 943 praeside

974 951 1142 983 Valeriano

973 999 1109 1030 diversis
1136 999 1339 1040 mancipatur

974 1047 1150 1087 suppliciis.

973 1123 1141 1162 Quousque
1167 1123 1323 1162 cymbalis

973 1171 1129 1209 virginum
1156 1171 1288 1202 tinnulis
1314 1170 1400 1202 flecti

973 1223 1079 1258 posset
1106 1218 1276 1259 organicis.

968 1294 1130 1325 Praesidis
1155 1303 1280 1325 manum
1308 1299 1398 1326 sanat

968 1341 1103 1379 aridam,

968 1389 1083 1429 Hylam
1111 1390 1272 1428 privatum

970 1437 1038 1467 visu
1064 1437 1242 1476 illuminatg

967 1485 1140 1520 laudanda,

964 1532 1111 1564 miranda

968 1589 1018 1610 res
1045 1584 1075 1610 et
1101 1580 1248 1612 omnibus

966 1628 1112 1666 gentibus
1139 1629 1310 1669 stupenda,

968 1704 1010 1735 Et
1036 1704 1115 1735 bene
1141 1706 1318 1746 septennis,

969 1761 1040 1783 nam
1066 1751 1264 1792 septiformis

968 1799 1081 1838 plenus
1107 1801 1240 1839 spiritus
1267 1801 1382 1841 gratia.

967 1876 1026 1915 Qui
1053 1877 1137 1915 regis
1165 1881 1273 1908 natum

969 1933 1062 1955 sanas
1089 1929 1236 1955 vexatum

968 1972 1091 2010 potenti
1118 1973 1236 2003 virtute

967 2019 1147 2051 verborum.

967 2095 1061 2126 Hunc
1087 2095 1227 2128 destinat

970 2143 1176 2175 cruciandum

970 2199 1039 2222 cum
1066 2194 1225 2224 tormento

969 2237 1115 2271 flammae
1140 2240 1295 2283 ardentis,

971 2316 1056 2348 Hinc
1073 2315 1161 2349 ferae
1179 2319 1371 2358 proponitur
1388 2320 1482 2352 Vitus

971 2364 1190 2405 devorandus3
1394 2404 1397 2406 ,

969 2413 1027 2444 sed
1053 2413 1103 2445 leo
1128 2418 1161 2445 ut
1187 2415 1256 2446 ovis
1283 2415 1371 2448 mitis

968 2461 1067 2500 pedes
1093 2461 1226 2495 infantis
1253 2464 1379 2498 delinit.
