1655 2713
193 253 254 286 28.

192 491 253 524 3a.

190 731 253 762 4a.

189 971 252 1004 5a.

189 1208 248 1239 6a.

188 1449 247 1481 7a.

188 1685 246 1718 82.

184 1930 246 1963 9³.

287 252 369 285 Nam
395 255 492 288 latria

288 300 379 334 Tunc
408 309 456 335 est
483 305 548 345 pia,

289 347 368 381 Cum
394 350 474 383 haec
499 353 562 386 tria

341 397 543 433 consonant:

287 492 350 525 Sed
381 494 541 538 doctores,

287 541 413 573 Morum
440 541 546 586 flores,

286 589 387 622 Immo
411 600 516 624 mores

335 639 482 681 Proprie,

286 729 462 770 Gregorius

286 777 433 810 Eximius

288 825 416 858 Gaudet
441 827 530 867 prius

333 875 452 907 Merito

284 971 368 1003 Huic
394 973 532 1004 vicinum

283 1021 499 1060 Augustinum

284 1068 337 1099 Ius
365 1068 507 1100 divinum

331 1116 460 1149 Tribuit

281 1207 367 1239 Loco
393 1209 478 1242 trino

283 1257 463 1297 Augustino

282 1303 346 1336 Pro
373 1305 482 1338 divino

329 1353 465 1386 Munere

282 1449 345 1481 Pro
371 1451 520 1484 mercede

283 1497 343 1528 Est
368 1499 401 1530 in
427 1500 508 1532 aede

285 1546 373 1578 Caeli
399 1548 476 1579 sede

335 1593 459 1627 Civium

278 1685 329 1718 Ex
358 1687 506 1719 doctrina

285 1735 424 1774 Quorum
452 1735 527 1768 bina

285 1783 353 1815 Lex
381 1784 489 1816 divina

331 1833 499 1875 Panditur,

277 1930 308 1962 A
335 1931 511 1970 praedietis

282 1978 344 2010 Pro
372 1979 500 2012 deiictis

281 2026 375 2059 Nunc
402 2028 508 2061 velitis

327 2077 461 2109 Veniam

160 2169 202 2202 10
214 2177 244 2201 a.
275 2169 320 2201 Et
345 2169 420 2202 ideo

233 2411 318 2439 Miss.
343 2411 546 2440 Noviomense
571 2413 641 2448 imp.
668 2412 828 2449 Rotomagi
855 2411 937 2441 1506.
963 2429 999 2433 -
1022 2411 1076 2447 la,
1103 2412 1121 2440 2
1147 2413 1248 2441 melos.
1273 2429 1311 2432 —
1339 2413 1396 2446 lb,
1424 2412 1436 2441 1
1460 2414 1495 2441 de

155 2459 238 2480 sono.
264 2465 298 2469 —
324 2448 376 2483 lb,
398 2449 416 2479 3
437 2459 456 2478 a
477 2451 564 2479 bono.
586 2466 624 2470 —
646 2449 702 2482 2b,
725 2449 744 2478 2
765 2452 897 2486 Quorum
918 2462 1007 2480 more.
1029 2467 1066 2471 —
1087 2451 1143 2485 4a.
1167 2451 1184 2479 3
1207 2454 1328 2488 primus.
1345 2468 1382 2472 —
1403 2451 1455 2485 92,
1477 2451 1495 2479 3

156 2489 242 2517 Nune
259 2492 371 2526 satage.
391 2503 425 2509 -
447 2487 502 2525 9b‚
524 2487 542 2517 2
563 2490 661 2524 Quam
681 2492 712 2518 et
731 2490 838 2519 volunt
857 2491 931 2519 dari.
946 2506 983 2510 —
1006 2489 1061 2523 9b‚
1083 2490 1100 2518 3
1123 2493 1197 2528 pari.
1214 2507 1251 2511 —
1272 2491 1326 2526 9b‚
1348 2493 1367 2519 4
1382 2490 1494 2520 Gratia.

279 2217 416 2259 Suadeo,

276 2265 320 2300 Ut
346 2277 365 2299 a
390 2267 460 2300 Deo

327 2315 471 2348 Gloriam

707 165 968 201 —107—

892 263 954 297 2b.

890 504 952 536 3b.

887 738 950 770 4b.

886 978 948 1011 5b.

884 1214 945 1248 6b.

886 1455 946 1489 7b.

886 1692 947 1725 8b.

884 1935 947 1968 9b.

860 2174 902 2206 10
915 2173 945 2205 b.

986 264 1079 296 Mens
1105 274 1174 296 cum
1201 274 1268 303 ore,

987 313 1030 344 Os
1056 322 1125 344 cum
1152 322 1250 354 more,

987 360 1102 393 Manus
1127 361 1225 393 horae

1034 409 1207 442 Resonant.

986 502 1068 537 Sunt
1094 505 1125 536 in
1154 506 1252 545 caelo,

988 552 1079 584 Nune
1102 554 1134 584 iu
1161 554 1243 586 melo

986 599 1058 631 Pari
1086 601 1155 632 zelo

1031 648 1172 683 Gloriae.

984 738 1023 769 Et
1049 740 1199 778 proprius

984 786 1129 818 vicarius

983 835 1079 866 Cultu
1104 835 1176 874 pius

1031 883 1158 914 Inclito.

983 980 1017 1011 In
1046 980 1158 1019 gloria.

979 1028 1108 1066 Quare?
1136 1028 1216 1067 Quia

981 1076 1044 1107 Per
1071 1076 1215 1116 praemia

1028 1125 1158 1156 Meruit.

979 1215 1168 1248 Ambrosius

979 1264 1136 1304 Egregius

980 1312 1033 1343 Fit
1059 1313 1163 1344 socius

1029 1361 1184 1395 Foedere.

982 1457 1000 1488 J
1004 1465 1175 1497 eronymus

981 1505 1208 1536 Sanctissimus

980 1552 1048 1584 Nec
1074 1553 1222 1584 minimus

1003 1601 1160 1635 Omnium.

980 1695 1017 1725 In
1041 1703 1142 1734 agone

982 1742 1074 1773 Vitae
1101 1741 1203 1773 bonae

982 1791 1031 1822 Ac
1055 1799 1202 1822 sermono

1028 1839 1172 1879 Legitur.

979 1936 1158 1977 Impetrare
1171 1948 1178 1976 3

980 1985 1098 2016 Volunt
1127 1985 1204 2016 dare

979 2034 1079 2066 Preee
1105 2042 1184 2073 pare

1026 2082 1184 2115 Gratiam.

979 2174 1201 2216 Reportemus,

979 2222 1046 2253 Hos
1074 2231 1222 2262 rogemus

978 2272 1027 2302 Ac
1054 2271 1221 2303 laudemus

1027 2319 1145 2351 Etiam.
