1655 2713
695 157 857 193 —259
910 178 952 182 -

172 251 236 284 38..
267 250 339 283 Hac
364 251 417 283 die
875 255 938 290 3b.
972 256 1040 289 Nee
1065 259 1172 288 tamen

271 300 443 340 gemellum
469 301 602 334 edidisti
630 302 761 342 foetum,
969 304 1029 337 soli
1055 304 1213 337 scandunt
1236 308 1382 337 senatum
1406 305 1487 337 caeli

269 347 401 381 Christo
428 354 714 393 conregnaturum3
971 353 1080 385 Simon
1106 357 1202 393 atque
1227 353 1436 386 ThaddaeuS.

173 426 236 458 4a.
268 425 350 458 Nam
364 427 534 459 Persarum
546 427 665 460 ducunt
679 437 787 461 secum
871 429 935 463 4b.
968 431 1058 463 Fana
1092 431 1280 463 daemonum
1309 431 1486 471 diruentes,

271 483 390 515 regem,
419 475 543 512 ducem.
571 476 735 516 populum,
967 479 1093 520 magica
1119 478 1321 511 confutantes

269 523 354 563 Quos
381 528 609 556 converterunt
968 526 1104 567 Templa
1130 527 1267 559 Domino

268 571 490 610 praedicando
968 573 1168 607 fabricarunt

271 622 302 650 et
329 619 416 651 dicta
441 621 541 661 signis
968 627 999 654 et
1027 623 1147 655 clerum
1175 624 1280 655 cuncti

271 667 388 700 validis
415 667 646 702 confirmando.
969 671 1092 703 ordinis
1120 676 1360 705 consecrarunt.

173 747 234 778 521.
266 744 314 777 Ob
341 745 401 777 hoc
426 746 524 778 occisi
871 747 932 781 5b.
964 742 1087 780 Rursus
1115 750 1240 781 venturi

271 793 403 826 thronos
429 795 597 834 possident
622 796 688 836 poli
966 805 1077 828 causas
1099 806 1230 829 censere
1255 798 1367 829 mundi

273 865 640 877 .......
964 845 997 876 in
1024 844 1143 876 iudicio
1173 845 1241 887 Dei,

513 921 546 953 6.
578 920 690 959 Nobis,
717 921 831 957 sancti,
859 923 961 953 estote

579 969 623 1008 pii
650 972 834 1008 precatores
862 977 920 1008 pro
949 969 1053 1009 culpis

580 1025 662 1047 nunc
687 1016 773 1056 apud
800 1016 913 1057 Deum,

578 1069 610 1095 ut
638 1065 805 1095 indemnes

578 1112 676 1143 simus
704 1112 735 1143 in
761 1121 884 1146 aevum.

225 1187 348 1222 Tropar.
376 1196 428 1214 ms.
452 1187 672 1215 Cremifanense
701 1196 777 1215 saec.
810 1187 881 1216 ¹²1³.
905 1189 974 1216 Cod.
998 1190 1195 1217 Cremifauen.
1222 1190 1287 1218 ³03.
1314 1191 1380 1218 add.
1404 1201 1482 1219 saec.

144 1224 189 1253 13.
224 1226 259 1253 A.
281 1240 317 1243 —
338 1226 423 1253 Miss.
451 1235 504 1253 ms.
533 1226 710 1254 Pataviense
741 1235 817 1254 saec.
850 1226 894 1254 15.
916 1228 988 1255 Cod.
1010 1229 1175 1255 praedicat.
1199 1229 1405 1257 Vindobonen.
1436 1230 1481 1258 18.

139 1265 175 1291 Β.
198 1279 235 1283 -
255 1264 341 1291 Miss.
371 1274 422 1291 ms.
452 1265 629 1292 Pataviense
660 1274 736 1293 saec.
767 1264 810 1293 15.
832 1266 902 1294 Cod.
925 1267 1073 1294 Hilarien.
1102 1270 1128 1294 ὅ.
1151 1268 1182 1294 C.
1205 1283 1241 1288 —
1264 1269 1347 1295 Miss.
1375 1279 1427 1296 ms.
1450 1273 1480 1296 Η.

141 1303 260 1330 Nicolai
292 1303 330 1330 ad
357 1303 495 1331 Strudem
523 1305 594 1331 anni
624 1303 707 1331 1458.
735 1304 804 1332 Cod.
837 1305 983 1332 Hilarien.
1015 1304 1058 1333 10.
1091 1307 1124 1333 Ι).
1148 1321 1183 1325 -
1206 1308 1289 1334 Miss.
1320 1317 1371 1334 ms.
1396 1309 1480 1335 Mon-

136 1342 279 1377 tisaprini
307 1350 384 1369 saec.
413 1341 456 1369 15.
486 1343 559 1370 Cim.
590 1344 744 1371 Monacen.
773 1341 857 1370 5912.
891 1344 925 1370 E.
948 1359 983 1362 —
1005 1342 1062 1375 2a,
1094 1345 1105 1371 l
1130 1355 1239 1381 sponso
1263 1347 1294 1372 Α.
1319 1361 1356 1365 -
1378 1347 1433 1378 tia,
1463 1347 1481 1374 2

137 1380 283 1407 addidisti
308 1381 341 1407 B.
364 1397 399 1401 ——-
421 1379 485 1412 3b.
516 1380 529 1408 l
556 1382 639 1409 Haec
669 1386 776 1409 tamen.
800 1383 831 1409 B.
856 1399 886 1403 -
913 1382 972 1415 4a,
1001 1383 1018 1410 5
1045 1388 1073 1410 et
1102 1383 1173 1411 fehlt
1196 1385 1287 1412 ΑΒΕ.
1312 1400 1347 1404 -
1370 1385 1429 1417 41),
1463 1387 1480 1413 2

140 1420 288 1455 magicam
310 1423 401 1447 artem
423 1420 510 1453 BCD,
533 1424 626 1448 artem
647 1422 792 1457 magicam
813 1421 848 1448 E.
870 1436 908 1440 —
929 1420 986 1453 5a,
1019 1421 1030 1449 1
1055 1424 1144 1450 occisi
1168 1423 1241 1450 fehlt
1263 1425 1296 1451 A.
1319 1439 1355 1442 —
1377 1424 1438 1458 511,
1462 1425 1481 1451 :1

138 1458 252 1486 iudicio
276 1459 397 1486 Domini
418 1457 452 1486 E.

606 1592 668 1623 291.
710 1592 752 1624 De
774 1597 887 1624 sancto
908 1593 1007 1624 Sixto.

628 1684 658 1718 1.
691 1683 819 1716 Laudes
847 1684 976 1717 Christo

697 1736 727 1764 et
754 1737 866 1765 sancto
894 1733 996 1773 Sixto⁷

156 1809 218 1842 2a.
256 1806 414 1853 [Christo]
444 1818 502 1841 ceu
529 1811 608 1850 regi,
859 1811 922 1845 2b.
955 1812 1059 1844 Huius
1086 1813 1269 1845 sacerdotio

256 1857 347 1890 Sixto
374 1863 407 1890 ut
434 1857 525 1891 fideli
956 1869 1088 1901 regnum
1116 1866 1274 1901 perpetuo

255 1906 372 1948 psallat
399 1907 557 1947 ecclesia3
956 1913 1020 1941 stat
1046 1919 1065 1941 a
1092 1910 1264 1951 principio.

152 1984 213 2017 3³.
247 1983 316 2016 Hac
342 1982 406 2026 (in)
434 1985 486 2017 die
854 1986 917 2020 3b.
951 1988 1095 2020 Romana

248 2033 398 2066 caelestis
425 2034 516 2066 curia
949 2036 1083 2077 plaudat
1111 2041 1141 2068 et
1169 2047 1308 2078 congrue

246 2081 376 2115 Christo
401 2083 554 2123 principi,
952 2085 1044 2118 Sixto
1071 2086 1225 2126 praesuli,

146 2161 211 2192 4a.
243 2159 287 2192 Et
312 2159 462 2192 machina
851 2162 914 2196 4b.
947 2163 1029 2195 Nam
1058 2163 1162 2195 deitas

245 2209 357 2240 mundi
382 2207 512 2241 trifaria
947 2212 1034 2244 trina
1060 2216 1090 2242 et
1116 2213 1211 2243 unica

245 2256 342 2298 digne
367 2257 511 2289 celebret
537 2258 667 2298 gaudia,
947 2269 1005 2292 sua
1032 2260 1195 2300 praestitit
1222 2260 1327 2300 gratia

243 2306 330 2346 quod
357 2309 471 2347 regnat
502 2305 564 2338 Dei
591 2306 713 2348 gloria;
947 2309 1051 2341 sancti
1078 2307 1161 2340 Sixti
1187 2308 1374 2348 praeconia.

143 2385 207 2416 5a.
239 2383 319 2416 Alta
344 2383 544 2417 Graecorum
854 2386 917 2421 sb.
949 2386 1049 2427 Apud
1076 2385 1223 2418 Athenas

246 2435 338 2465 ortus
363 2434 518 2474 prosapia
950 2433 1254 2475 archiphilosophus

248 2480 310 2513 iste
335 2481 543 2523 christigena,
950 2488 981 2516 et
1008 2484 1058 2516 vir
1083 2481 1272 2524 magnificus

1235 2538 1291 2568 17*
