1655 2713
689 157 927 192 -25-

157 256 220 290 4³.
262 256 356 288 Patet
384 256 446 288 hoc
472 255 505 288 in
532 254 744 299 naufragatis,

256 304 350 337 Patet
376 304 532 336 daemone
558 304 681 336 vexatis

311 352 500 392 Viduaeque
525 351 612 393 filia3

152 431 182 463 -5
191 439 222 464 a.
260 429 368 470 Signis
394 429 494 461 tantis
520 428 703 461 declaratus

262 477 448 510 Coenobitis
475 481 524 509 est
549 477 716 517 praelatus

260 526 305 559 Et
330 525 483 558 sacerdos
509 530 716 557 consecratus

310 574 454 607 Exhibet
479 583 513 605 se
540 574 698 612 hostiam3

154 654 228 687 ⁹68.
264 653 290 685 Ο
317 652 445 692 Aegidi‚
473 655 567 691 pater
593 651 689 693 clarc,

268 700 370 739 Quem
396 709 455 740 pro
480 699 543 731 reis
570 707 704 731 exorare

312 748 502 788 Designavit

309 796 353 828 Et
378 795 519 827 firmavit

362 843 508 883 Superna
533 841 713 880 clementia,

156 922 185 955 ’7
199 931 229 954 a.
267 920 381 952 Dulcis
406 923 500 959 pater
526 922 556 950 et
583 922 729 958 patrone,

263 969 301 1001 In
329 971 472 999 extremo
497 976 554 999 nos
579 975 681 1006 agone

310 1016 416 1048 Tuere
441 1015 482 1047 ab
508 1014 673 1056 hostibus;

861 252 924 288 4b.
961 254 1055 286 Patet
1080 251 1176 283 terris
1203 249 1395 290 fecundatis,

956 302 1051 334 Patet
1073 299 1198 331 claudis
1225 297 1415 330 restauratis

1005 349 1041 382 In
1067 348 1186 389 pedum
1212 345 1330 378 officia.

862 427 926 462 5b.
961 426 1058 468 Regis
1084 429 1254 465 extergens
1282 426 1389 454 reatus

957 475 1098 508 Caelitus
1124 477 1172 505 est
1199 472 1380 510 denotatus,

957 523 1078 563 Quibus
1105 521 1167 553 erit
1192 520 1373 556 miseratus,

1005 572 1250 610 consequuntur
1277 567 1411 599 veniam.

864 649 927 682 6b.
962 649 1011 680 Tu
1038 657 1096 687 pro
1119 646 1211 678 nobis
1239 646 1426 686 deprecare,

959 697 1008 728 'l‘u
1033 695 1174 735 digneris
1201 694 1365 734 adiuvare,

1008 744 1053 777 Ut
1079 751 1246 782 surgamus

1006 791 1049 822 Et
1075 794 1236 830 tergamus

1057 840 1249 878 Perpetrata
1276 837 1363 868 vitia.

864 917 926 950 7b.
961 917 1015 948 Da
1039 924 1097 947 uos
1123 915 1155 946 in
1182 912 1385 945 confessione

958 964 1001 996 Et
1028 963 1135 994 cordis
1163 962 1357 993 contritione

1009 1011 1102 1044 Uniri
1128 1010 1363 1050 praesentibus.

214 1091 307 1120 Grad.
335 1101 386 1118 ωε.
409 1091 584 1118 Trevirense
606 1099 683 1117 saec.
708 1088 751 1116 15.
776 1088 846 1117 Cod.
868 1089 1019 1116 Treviren.
1044 1085 1106 1114 178.
1130 1101 1163 1105 --
1188 1085 1240 1116 5b
1264 1084 1282 1113 3
1303 1088 1359 1113 erit
1381 1088 1474 1113 mino-

127 1134 228 1159 iratus.
251 1145 290 1150 —
309 1129 454 1158 Melodie:
476 1129 518 1156 In
548 1129 715 1156 caelesti
746 1127 957 1158 ierarchia,
985 1127 1039 1153 mit
1059 1125 1181 1152 kleinen
1203 1125 1411 1161 Anderungeu.

598 1248 637 1278 18.
681 1247 721 1277 De
742 1247 852 1277 sancto
874 1244 1015 1284 Aegidio.

864 1326 924 1359 lb.
962 1325 1102 1358 Natione
1129 1324 1189 1356 fuit
1215 1324 1371 1362 Graecus,

960 1375 997 1407 In
1023 1374 1161 1406 Athenis
1189 1374 1346 1409 eruditus,

1010 1423 1128 1454 Plenus
1156 1422 1216 1453 Dei
1243 1422 1357 1462 gratia.

156 1331 223 1364 la.
259 1330 448 1362 Hodiernae
473 1328 528 1360 lux
556 1328 631 1368 diei,

258 1378 298 1410 In
324 1387 386 1418 qua
411 1375 528 1408 festum
556 1376 739 1408 celebratur

307 1425 400 1458 Beati
425 1425 565 1466 Aegidii.

861 1499 924 1533 2b.
961 1500 1068 1531 Mater
1096 1508 1171 1530 vero
1199 1499 1374 1530 christiana

957 1547 1032 1579 Fuit
1060 1552 1149 1579 casta
1175 1552 1205 1578 et
1233 1547 1361 1586 pudica,

1011 1595 1149 1627 Nomine
1177 1595 1320 1635 Pelagia.

155 1506 224 1538 2³.
260 1503 360 1536 Pater
384 1503 453 1534 eius
479 1502 674 1534 christianus

260 1551 337 1583 Fuit
362 1550 459 1590 mitis,
486 1555 680 1590 mansuetus,

309 1599 447 1631 Nomine
473 1598 673 1636 Theodorus,

164 1678 227 1710 33.
263 1677 408 1716 Quadam
437 1675 489 1707 die
515 1675 577 1706 iste
605 1677 734 1706 sanctus
868 1672 930 1707 3b.
969 1672 1026 1705 Cui
1056 1672 1146 1704 dedit
1173 1673 1397 1704 vestimentum

263 1725 430 1764 Quendam
458 1733 588 1764 aegrum
616 1724 648 1754 in
674 1723 782 1763 platea
963 1721 1031 1760 Quo
1058 1725 1127 1752 erat
1153 1721 1223 1760 ipse
1249 1721 1391 1761 indutus,

310 1773 438 1806 Invenit
462 1772 632 1812 Aegidius‚
1011 1770 1109 1808 Quem
1137 1770 1263 1801 sanavit
1291 1769 1394 1802 citius.

156 1852 225 1885 4a.
262 1849 655 1890 Postintravitquoddam
667 1851 793 1880 autrum
867 1847 929 1881 4b.
965 1847 1029 1879 Sed
1056 1847 1211 1878 miraculo
1240 1847 1349 1878 divino

262 1899 299 1932 ln
325 1909 387 1940 quo
415 1898 493 1930 vixit
518 1907 578 1938 per
595 1901 661 1929 tres
679 1906 779 1928 annos
961 1896 1126 1934 Quaedam
1157 1905 1253 1927 cerva
1280 1896 1381 1927 nutrit
1409 1905 1479 1928 eum

310 1949 405 1988 Aqua
422 1948 502 1986 sola,
523 1946 631 1978 herbis
651 1946 777 1985 crudis3
1010 1945 1073 1976 Suo
1100 1945 1186 1975 lacte
1214 1944 1357 1984 proprio.

157 2028 229 2059 5³.
265 2026 368 2059 Fama
393 2025 461 2057 eius
487 2028 537 2056 est
563 2028 676 2056 exorta
865 2021 927 2055 5b.
963 2021 1074 2054 Scelus
1101 2022 1185 2062 regis
1212 2021 1408 2061 propalavit,

263 2074 308 2107 Et
332 2073 496 2106 miraculis
524 2077 639 2106 ornata
962 2071 1126 2103 Mortuum
1155 2070 1361 2101 resuscitavit

314 2124 379 2156 Per
403 2127 504 2155 totam
530 2121 741 2162 provinciam.
1011 2119 1056 2151 Et
1081 2118 1203 2157 fugavit
1232 2119 1414 2151 daemones.

156 2203 230 2236 fia.
265 2201 293 2234 Ο
318 2201 448 2243 Aegidi‚
475 2204 511 2232 tu
537 2198 713 2240 confessor,
865 2197 928 2231 6b.
965 2197 1009 2230 Ut
1034 2197 1194 2237 possimus
1221 2201 1325 2227 tecum
1353 2205 1422 2227 esse

264 2250 316 2284 Sis
343 2259 402 2290 pro
428 2249 521 2282 nobis
546 2249 744 2280 intercessor
963 2246 1006 2278 Et
1030 2246 1063 2276 in
1092 2254 1190 2285 regno
1217 2245 1420 2284 congaudere

306 2298 407 2340 Apud
418 2297 582 2331 Christum
594 2296 778 2339 Dominum,
1013 2295 1048 2326 ln
1075 2298 1208 2325 aeterna
1234 2293 1372 2324 saecula.

575 2371 606 2403 7.
645 2370 750 2402 Amen
778 2368 889 2400 dicant
915 2367 1033 2399 omnia.

217 2449 381 2478 Colleetan.
403 2457 457 2476 ms.
480 2447 690 2475 Placentinum
717 2453 794 2472 saec.
818 2442 892 2472 ¹²l1a.
921 2443 992 2472 Cod.
1015 2443 1111 2479 Capit.
1133 2442 1301 2470 Placentini
1323 2440 1369 2469 65.
1424 2442 1481 2469 Mit

134 2488 281 2518 Melodie.
303 2504 340 2508 —
361 2486 515 2516 Abuchrift
534 2494 594 2514 von
615 2485 686 2512 Rev.
709 2483 748 2512 H.
769 2483 810 2512 M.
833 2484 1000 2512 Bannister.
