1655 2713
164 253 229 286 3³.

163 494 227 526 4a.

167 737 228 767 5a.

168 930 230 962 fia.

166 1072 226 1103 7a.

158 1312 224 1344 Sa.

158 1506 223 1538 9a.

138 1745 221 1779 10a.

681 152 945 188 —131—

261 250 372 284 Mater
397 250 534 283 ecclesia

262 299 420 340 gloriatur

262 346 402 380 filiorum

265 394 439 428 fecundata
465 393 664 435 profectibus
675 405 683 433 3

259 492 371 525 Omnis
399 491 507 531 corde,

264 540 329 572 tide
355 549 419 572 non
445 539 532 577 ficta,

264 589 440 620 electorum
467 587 675 628 concupiscat

263 637 428 678 praemia;

260 733 370 766 Omnis
398 741 493 764 sexus

264 781 439 815 contendat
465 780 592 820 ingredi

264 834 367 862 artam
394 833 517 869 portam
543 827 703 868 paradisi,

262 927 288 960 O
314 925 425 958 mortis
452 924 575 964 species
602 923 706 961 beata,

262 984 326 1015 qua
358 977 520 1004 mercatur
545 980 662 1012 perpes
691 970 774 1002 vita!

257 1069 412 1101 Felicitas
441 1068 544 1104 beata,

261 1117 370 1158 flagris
398 1116 594 1154 examinata,

262 1166 387 1206 sprevit
411 1168 567 1196 terrorem
595 1162 705 1194 mortis

261 1223 369 1246 amore
396 1212 528 1245 Christi.

257 1311 341 1342 Hinc
367 1318 400 1340 se
427 1307 630 1341 concorditer

259 1359 431 1391 hortantur
457 1356 575 1389 fratres

259 1407 406 1444 viriliter,

253 1503 439 1536 Mactantur
465 1499 603 1534 fustibus

259 1551 444 1592 plumbatis,
473 1553 566 1581 ruunt

259 1608 317 1640 per
342 1598 543 1639 praecipitia,

258 1648 366 1680 caedit
392 1647 477 1679 ensis
505 1646 598 1678 colla.

255 1745 280 1777 O
307 1744 403 1776 beata
430 1741 627 1781 fraternitas,

261 1793 352 1824 vivae
379 1791 500 1825 Christi
527 1791 686 1827 victimae,

612 1883 666 1917 11.
694 1882 736 1914 Et
763 1881 816 1914 det
844 1881 936 1913 nobis

864 249 926 284 3b.
957 248 1052 282 Rosis
1079 251 1109 279 et
1135 246 1211 279 liliis

865 489 928 523 4b.

863 730 926 765 5b.

862 920 924 955 6b.

862 1064 921 1098 7b.

860 1305 921 1338 8b.

858 1498 920 1532 eb.

836 1742 878 1774 10
892 1741 922 1773 b.

960 299 1131 329 coronatur

962 345 1161 378 diversarum

962 394 1114 425 virtutum
1141 400 1277 424 vernans
1303 388 1448 421 floribus.

961 492 1098 529 Spernat
1128 488 1215 529 virgo

961 538 1011 569 vel
1037 538 1188 569 maritata

960 587 1068 617 luxum
1095 584 1238 617 florentis
1266 583 1374 615 mundi
1399 591 1468 614 cum

961 634 1067 666 vidua.

958 729 1068 762 Omnis
1095 733 1182 760 aetas

958 782 1059 809 certet
1087 775 1263 816 promereri

957 829 1058 857 morte
1085 825 1223 864 palmam
1250 824 1409 863 martyrii.

956 921 1009 952 Ad
1038 920 1130 951 huius
1154 920 1239 951 vitae
1266 920 1422 951 comercia

958 968 1113 1000 tendebat
1140 966 1216 999 felix
1245 968 1354 1000 vidua.

955 1065 1126 1098 Praemisit
1153 1073 1211 1104 per
1239 1063 1365 1095 diversa

957 1117 1048 1145 natos
1075 1121 1149 1144 suos
1176 1117 1345 1144 tormenta.

955 1166 989 1193 ut
1016 1160 1205 1192 succederet
1232 1160 1296 1192 illis

955 1210 986 1242 in
1015 1218 1113 1249 regno
1139 1209 1230 1242 caeli.

955 1306 1103 1346 Pugnent
1130 1310 1163 1336 ut
1192 1304 1330 1345 fortiter,

956 1358 993 1387 ut,
1018 1352 1121 1385 ferant
1149 1362 1267 1393 poenas

954 1403 1116 1434 alacriter.

955 1499 991 1530 In
1015 1508 1076 1538 quo
1104 1497 1345 1536 confoederant,

953 1546 1064 1578 beatas
1089 1546 1157 1578 Deo

954 1594 1094 1626 reddunt
1121 1595 1255 1628 animaS.

953 1643 1034 1675 caeli
1061 1648 1173 1683 petunt
1200 1652 1308 1684 regna.

958 1741 1072 1772 Vestra
1098 1750 1203 1780 pugna
1230 1741 1269 1771 sit
1300 1740 1400 1771 tutela

955 1794 1081 1821 vestrae
1108 1787 1281 1820 familiolae

695 1931 793 1963 vitam
819 1934 996 1963 aeternam.

209 2025 291 2052 Miss.
321 2034 373 2052 ms.
403 2025 459 2052 inc.
487 2025 592 2060 origin.
620 2031 695 2051 saec.
727 2021 770 2050 15.
801 2021 873 2051 Cod.
903 2022 978 2049 Mus.
1007 2021 1143 2049 German.
1174 2019 1257 2048 7059.
1286 2036 1322 2040 -
1351 2019 1413 2054 ⁸2³,
1443 2020 1460 2045 :³

128 2064 261 2101 plaudat.
287 2078 324 2083 -—-
351 2061 412 2098 8b,
445 2062 457 2091 1
484 2063 632 2099 Pugnant.
660 2077 698 2081 —
727 2061 870 2089 Melodie:
902 2060 1061 2095 „Sancta
1096 2061 1164 2088 Dei
1201 2064 1332 2087 mater*
1361 2060 1459 2089 (Anal.

130 2105 240 2140 Hymn.
262 2103 350 2137 VIII,
379 2104 429 2131 Nr.
460 2100 532 2136 104).
554 2116 591 2121 —
614 2101 852 2130 Beachtenswert
882 2101 921 2127 ist
946 2099 994 2126 die
1016 2099 1143 2127 vielfach
1172 2099 1354 2127 auftreteude
1379 2099 1459 2126 End-

125 2151 275 2171 assonanz
296 2141 348 2170 der
369 2141 523 2170 einzelnen
546 2141 645 2168 Verse.

154 2377 215 2411 la.

517 2283 577 2315 138.
621 2283 661 2314 De
682 2290 723 2313 ss.
746 2280 850 2313 Felice
872 2282 904 2313 et
925 2280 1076 2312 Adaucto.

246 2376 406 2410 Pulchrae
430 2376 506 2410 Sion
533 2382 689 2416 generosa

253 2425 472 2466 speculatrix,
497 2431 653 2464 amorosa,

305 2473 424 2507 Sancta
449 2472 638 2515 speculatio.

856 2371 917 2406 1b.

950 2371 1126 2412 Speculans
1153 2371 1238 2402 intus
1266 2371 1408 2410 precaris

953 2420 1186 2460 Dominamque
1212 2419 1391 2459 specularis

1000 2469 1037 2502 In
1065 2468 1180 2500 decore
1207 2468 1305 2508 regio.

1246 2523 1291 2551 9*
