<?xml version="1.0" encoding="UTF-8"?>
<!DOCTYPE html PUBLIC "-//W3C//DTD XHTML 1.0 Transitional//EN"
    "http://www.w3.org/TR/xhtml1/DTD/xhtml1-transitional.dtd">
<html xmlns="http://www.w3.org/1999/xhtml" xml:lang="en" lang="en">
 <head>
  <title>
</title>
<meta http-equiv="Content-Type" content="text/html;charset=utf-8" />
  <meta name='ocr-system' content='tesseract 3.04.00' />
  <meta name='ocr-capabilities' content='ocr_page ocr_carea ocr_par ocr_line ocrx_word'/>
</head>
<body>
  <div class='ocr_page' id='page_1' title='image "./analectahymnica44drevuoft_0290.png"; bbox 0 0 1655 2713; ppageno 0'>
   <div class='ocr_carea' id='block_1_1' title="bbox 222 251 842 347">
    <p class='ocr_par' dir='ltr' id='par_1_1' title="bbox 222 251 842 347">
     <span class='ocr_line' id='line_1_1' title="bbox 222 251 784 300; baseline 0.018 -18"><span class='ocrx_word' id='word_1_1' title='bbox 222 251 285 283; x_wconf 88' lang='lat' dir='ltr'>9a.</span> <span class='ocrx_word' id='word_1_2' title='bbox 319 251 525 287; x_wconf 83' lang='lat' dir='ltr'><strong>Admiranda</strong></span> <span class='ocrx_word' id='word_1_3' title='bbox 551 261 666 296; x_wconf 83' lang='lat' dir='ltr'>patent</span> <span class='ocrx_word' id='word_1_4' title='bbox 691 259 784 300; x_wconf 88' lang='lat' dir='ltr'>signa</span> 
     </span>
     <span class='ocr_line' id='line_1_2' title="bbox 319 299 842 347; baseline 0.021 -16"><span class='ocrx_word' id='word_1_5' title='bbox 319 299 399 332; x_wconf 87' lang='lat' dir='ltr'>Tam</span> <span class='ocrx_word' id='word_1_6' title='bbox 408 306 482 342; x_wconf 89' lang='lat' dir='ltr'>post</span> <span class='ocrx_word' id='word_1_7' title='bbox 490 310 624 337; x_wconf 87' lang='lat' dir='ltr'>mortem</span> <span class='ocrx_word' id='word_1_8' title='bbox 633 316 726 347; x_wconf 88' lang='lat' dir='ltr'>quam</span> <span class='ocrx_word' id='word_1_9' title='bbox 734 308 767 340; x_wconf 88' lang='lat' dir='ltr'>in</span> <span class='ocrx_word' id='word_1_10' title='bbox 775 309 842 342; x_wconf 87' lang='lat' dir='ltr'>vita</span> 
     </span>
    </p>
   </div>
   <div class='ocr_carea' id='block_1_2' title="bbox 369 349 674 395">
    <p class='ocr_par' dir='ltr' id='par_1_2' title="bbox 369 349 674 395">
     <span class='ocr_line' id='line_1_3' title="bbox 369 349 674 395; baseline 0.02 -14"><span class='ocrx_word' id='word_1_11' title='bbox 369 349 490 383; x_wconf 90' lang='lat' dir='ltr'>Divina</span> <span class='ocrx_word' id='word_1_12' title='bbox 516 355 674 395; x_wconf 86' lang='lat' dir='ltr'>potentia,</span> 
     </span>
    </p>
   </div>
   <div class='ocr_carea' id='block_1_3' title="bbox 196 492 814 638">
    <p class='ocr_par' dir='ltr' id='par_1_3' title="bbox 196 492 814 638">
     <span class='ocr_line' id='line_1_4' title="bbox 196 492 753 541; baseline 0.014 -17"><span class='ocrx_word' id='word_1_13' title='bbox 196 492 281 526; x_wconf 84' lang='lat' dir='ltr'>loa.</span> <span class='ocrx_word' id='word_1_14' title='bbox 315 493 390 526; x_wconf 86' lang='lat' dir='ltr'>Vita</span> <span class='ocrx_word' id='word_1_15' title='bbox 416 493 519 528; x_wconf 86' lang='lat' dir='ltr'>functi</span> <span class='ocrx_word' id='word_1_16' title='bbox 546 498 753 541; x_wconf 85' lang='lat' dir='ltr'>reducuntur,</span> 
     </span>
     <span class='ocr_line' id='line_1_5' title="bbox 316 541 786 586; baseline 0.015 -13"><span class='ocrx_word' id='word_1_17' title='bbox 316 541 424 584; x_wconf 85' lang='lat' dir='ltr'>Caeci,</span> <span class='ocrx_word' id='word_1_18' title='bbox 452 544 560 577; x_wconf 86' lang='lat' dir='ltr'>claudi</span> <span class='ocrx_word' id='word_1_19' title='bbox 587 552 786 586; x_wconf 91' lang='lat' dir='ltr'>reponuntur</span> 
     </span>
     <span class='ocr_line' id='line_1_6' title="bbox 363 591 814 638; baseline 0.016 -16"><span class='ocrx_word' id='word_1_20' title='bbox 363 591 417 623; x_wconf 89' lang='lat' dir='ltr'>Ad</span> <span class='ocrx_word' id='word_1_21' title='bbox 444 593 659 626; x_wconf 88' lang='lat' dir='ltr'>membrorum</span> <span class='ocrx_word' id='word_1_22' title='bbox 688 597 814 638; x_wconf 82' lang='lat' dir='ltr'>munia;</span> 
     </span>
    </p>
   </div>
   <div class='ocr_carea' id='block_1_4' title="bbox 193 685 722 831">
    <p class='ocr_par' dir='ltr' id='par_1_4' title="bbox 193 685 722 831">
     <span class='ocr_line' id='line_1_7' title="bbox 193 685 694 731; baseline 0.016 -15"><span class='ocrx_word' id='word_1_23' title='bbox 193 685 232 717; x_wconf 91' lang='lat'>11</span> <span class='ocrx_word' id='word_1_24' title='bbox 249 695 278 717; x_wconf 87' lang='lat' dir='ltr'>a.</span> <span class='ocrx_word' id='word_1_25' title='bbox 311 686 337 718; x_wconf 92' lang='lat' dir='ltr'>O</span> <span class='ocrx_word' id='word_1_26' title='bbox 366 688 516 720; x_wconf 87' lang='lat' dir='ltr'>Vincenti</span> <span class='ocrx_word' id='word_1_27' title='bbox 543 691 694 731; x_wconf 81' lang='lat' dir='ltr'>pretiose,</span> 
     </span>
     <span class='ocr_line' id='line_1_8' title="bbox 314 734 715 779; baseline 0.012 -13"><span class='ocrx_word' id='word_1_28' title='bbox 314 734 381 767; x_wconf 87' lang='lat' dir='ltr'>Nos</span> <span class='ocrx_word' id='word_1_29' title='bbox 408 737 537 777; x_wconf 71' lang='lat' dir='ltr'>exaudi,</span> <span class='ocrx_word' id='word_1_30' title='bbox 564 739 715 779; x_wconf 78' lang='lat' dir='ltr'>gloriose,</span> 
     </span>
     <span class='ocr_line' id='line_1_9' title="bbox 363 783 722 831; baseline 0.014 -16"><span class='ocrx_word' id='word_1_31' title='bbox 363 783 425 816; x_wconf 93' lang='lat' dir='ltr'>Pro</span> <span class='ocrx_word' id='word_1_32' title='bbox 452 789 506 817; x_wconf 83' lang='lat' dir='ltr'>tua</span> <span class='ocrx_word' id='word_1_33' title='bbox 533 786 722 831; x_wconf 83' lang='lat' dir='ltr'>clementia3</span> 
     </span>
    </p>
   </div>
   <div class='ocr_carea' id='block_1_5' title="bbox 740 164 1006 200">
    <p class='ocr_par' dir='ltr' id='par_1_5' title="bbox 740 164 1006 200">
     <span class='ocr_line' id='line_1_10' title="bbox 740 164 1006 200; baseline 0.015 -3"><span class='ocrx_word' id='word_1_34' title='bbox 740 164 1006 200; x_wconf 85' lang='lat'>—285—</span> 
     </span>
    </p>
   </div>
   <div class='ocr_carea' id='block_1_6' title="bbox 927 262 1536 304">
    <p class='ocr_par' dir='ltr' id='par_1_6' title="bbox 927 262 1536 304">
     <span class='ocr_line' id='line_1_11' title="bbox 927 262 1536 304; baseline 0.003 -8"><span class='ocrx_word' id='word_1_35' title='bbox 927 262 990 297; x_wconf 87' lang='lat' dir='ltr'>9b.</span> <span class='ocrx_word' id='word_1_36' title='bbox 1020 263 1106 304; x_wconf 86' lang='lat' dir='ltr'>Quae</span> <span class='ocrx_word' id='word_1_37' title='bbox 1144 269 1290 297; x_wconf 85' lang='lat' dir='ltr'>naturam</span> <span class='ocrx_word' id='word_1_38' title='bbox 1326 275 1396 297; x_wconf 92' lang='lat' dir='ltr'>cum</span> <span class='ocrx_word' id='word_1_39' title='bbox 1431 269 1536 298; x_wconf 83' lang='lat' dir='ltr'>trans-</span> 
     </span>
    </p>
   </div>
   <div class='ocr_carea' id='block_1_7' title="bbox 1021 314 1503 443">
    <p class='ocr_par' dir='ltr' id='par_1_7' title="bbox 1021 314 1503 443">
     <span class='ocr_line' id='line_1_12' title="bbox 1248 314 1398 356; baseline 0.007 -11"><span class='ocrx_word' id='word_1_40' title='bbox 1248 314 1398 356; x_wconf 85' lang='lat' dir='ltr'>cendunt,</span> 
     </span>
     <span class='ocr_line' id='line_1_13' title="bbox 1021 361 1503 401; baseline 0.008 -10"><span class='ocrx_word' id='word_1_41' title='bbox 1021 361 1220 401; x_wconf 83' lang='lat' dir='ltr'>Argumenta</span> <span class='ocrx_word' id='word_1_42' title='bbox 1246 362 1334 394; x_wconf 86' lang='lat' dir='ltr'>clara</span> <span class='ocrx_word' id='word_1_43' title='bbox 1360 363 1503 395; x_wconf 86' lang='lat' dir='ltr'>reddunt</span> 
     </span>
     <span class='ocr_line' id='line_1_14' title="bbox 1069 409 1436 443; baseline 0.005 -2"><span class='ocrx_word' id='word_1_44' title='bbox 1069 409 1171 441; x_wconf 91' lang='lat' dir='ltr'>Huius</span> <span class='ocrx_word' id='word_1_45' title='bbox 1198 411 1436 443; x_wconf 82' lang='lat' dir='ltr'>sanctimoniae.</span> 
     </span>
    </p>
   </div>
   <div class='ocr_carea' id='block_1_8' title="bbox 898 503 1457 549">
    <p class='ocr_par' dir='ltr' id='par_1_8' title="bbox 898 503 1457 549">
     <span class='ocr_line' id='line_1_15' title="bbox 898 503 1457 549; baseline 0.007 -14"><span class='ocrx_word' id='word_1_46' title='bbox 898 503 940 535; x_wconf 90' lang='lat'>10</span> <span class='ocrx_word' id='word_1_47' title='bbox 952 503 983 538; x_wconf 89' lang='lat' dir='ltr'>b.</span> <span class='ocrx_word' id='word_1_48' title='bbox 1015 504 1122 542; x_wconf 79' lang='lat' dir='ltr'>surdi,</span> <span class='ocrx_word' id='word_1_49' title='bbox 1150 506 1228 537; x_wconf 86' lang='lat' dir='ltr'>muti</span> <span class='ocrx_word' id='word_1_50' title='bbox 1255 511 1457 549; x_wconf 81' lang='lat' dir='ltr'>reparantur,</span> 
     </span>
    </p>
   </div>
   <div class='ocr_carea' id='block_1_9' title="bbox 1016 553 1460 643">
    <p class='ocr_par' dir='ltr' id='par_1_9' title="bbox 1016 553 1460 643">
     <span class='ocr_line' id='line_1_16' title="bbox 1016 553 1460 593; baseline 0.009 -9"><span class='ocrx_word' id='word_1_51' title='bbox 1016 553 1116 593; x_wconf 84' lang='lat' dir='ltr'>Aegri</span> <span class='ocrx_word' id='word_1_52' title='bbox 1144 555 1251 585; x_wconf 85' lang='lat' dir='ltr'>cuncti</span> <span class='ocrx_word' id='word_1_53' title='bbox 1279 555 1460 588; x_wconf 84' lang='lat' dir='ltr'>liberantur</span> 
     </span>
     <span class='ocr_line' id='line_1_17' title="bbox 1061 601 1406 643; baseline 0.012 -11"><span class='ocrx_word' id='word_1_54' title='bbox 1061 601 1125 633; x_wconf 88' lang='lat' dir='ltr'>Per</span> <span class='ocrx_word' id='word_1_55' title='bbox 1151 602 1218 633; x_wconf 87' lang='lat' dir='ltr'>eius</span> <span class='ocrx_word' id='word_1_56' title='bbox 1245 602 1406 643; x_wconf 83' lang='lat' dir='ltr'>suffragia.</span> 
     </span>
    </p>
   </div>
   <div class='ocr_carea' id='block_1_10' title="bbox 893 694 1492 740">
    <p class='ocr_par' dir='ltr' id='par_1_10' title="bbox 893 694 1492 740">
     <span class='ocr_line' id='line_1_18' title="bbox 893 694 1492 740; baseline 0.007 -12"><span class='ocrx_word' id='word_1_57' title='bbox 893 695 933 728; x_wconf 95' lang='grc'>11</span> <span class='ocrx_word' id='word_1_58' title='bbox 948 694 979 728; x_wconf 93' lang='lat' dir='ltr'>b.</span> <span class='ocrx_word' id='word_1_59' title='bbox 1010 696 1077 728; x_wconf 85' lang='lat' dir='ltr'>Fac</span> <span class='ocrx_word' id='word_1_60' title='bbox 1102 698 1165 728; x_wconf 85' lang='lat' dir='ltr'>tuis</span> <span class='ocrx_word' id='word_1_61' title='bbox 1192 699 1312 730; x_wconf 86' lang='lat' dir='ltr'>sanctis</span> <span class='ocrx_word' id='word_1_62' title='bbox 1339 699 1492 740; x_wconf 87' lang='lat' dir='ltr'>precibus</span> 
     </span>
    </p>
   </div>
   <div class='ocr_carea' id='block_1_11' title="bbox 1012 744 1393 835">
    <p class='ocr_par' dir='ltr' id='par_1_11' title="bbox 1012 744 1393 835">
     <span class='ocr_line' id='line_1_19' title="bbox 1012 744 1357 778; baseline 0.009 -3"><span class='ocrx_word' id='word_1_63' title='bbox 1012 744 1135 776; x_wconf 87' lang='lat' dir='ltr'>Sociari</span> <span class='ocrx_word' id='word_1_64' title='bbox 1163 746 1357 778; x_wconf 85' lang='lat' dir='ltr'>caelestibus</span> 
     </span>
     <span class='ocr_line' id='line_1_20' title="bbox 1059 793 1393 835; baseline 0.018 -12"><span class='ocrx_word' id='word_1_65' title='bbox 1059 793 1095 824; x_wconf 93' lang='lat' dir='ltr'>In</span> <span class='ocrx_word' id='word_1_66' title='bbox 1122 797 1255 825; x_wconf 83' lang='lat' dir='ltr'>aeterna</span> <span class='ocrx_word' id='word_1_67' title='bbox 1281 796 1393 835; x_wconf 85' lang='lat' dir='ltr'>gloria.</span> 
     </span>
    </p>
   </div>
   <div class='ocr_carea' id='block_1_12' title="bbox 187 877 1524 1033">
    <p class='ocr_par' dir='ltr' id='par_1_12' title="bbox 187 877 1524 1033">
     <span class='ocr_line' id='line_1_21' title="bbox 267 877 1523 927; baseline 0.011 -23"><span class='ocrx_word' id='word_1_68' title='bbox 267 877 351 905; x_wconf 86' lang='lat' dir='ltr'>Miss.</span> <span class='ocrx_word' id='word_1_69' title='bbox 374 879 616 909; x_wconf 84' lang='lat' dir='ltr'>Praedicatorum</span> <span class='ocrx_word' id='word_1_70' title='bbox 638 883 707 918; x_wconf 89' lang='lat' dir='ltr'>imp.</span> <span class='ocrx_word' id='word_1_71' title='bbox 731 884 842 911; x_wconf 85' lang='lat' dir='ltr'>Romae</span> <span class='ocrx_word' id='word_1_72' title='bbox 869 883 950 912; x_wconf 77' lang='lat'>1622.</span> <span class='ocrx_word' id='word_1_73' title='bbox 972 887 1005 913; x_wconf 90' lang='grc' dir='ltr'>Α.</span> <span class='ocrx_word' id='word_1_74' title='bbox 1030 901 1064 906; x_wconf 75' lang='lat'>——</span> <span class='ocrx_word' id='word_1_75' title='bbox 1081 887 1165 914; x_wconf 62' lang='lat' dir='ltr'>Miss.</span> <span class='ocrx_word' id='word_1_76' title='bbox 1190 889 1431 918; x_wconf 77' lang='lat' dir='ltr'>Praedicatornm</span> <span class='ocrx_word' id='word_1_77' title='bbox 1455 893 1523 927; x_wconf 85' lang='lat' dir='ltr'>imp.</span> 
     </span>
     <span class='ocr_line' id='line_1_22' title="bbox 187 916 1524 962; baseline 0.012 -20"><span class='ocrx_word' id='word_1_78' title='bbox 187 916 300 944; x_wconf 86' lang='lat' dir='ltr'>Romae</span> <span class='ocrx_word' id='word_1_79' title='bbox 331 916 412 945; x_wconf 84' lang='lat'>1639.</span> <span class='ocrx_word' id='word_1_80' title='bbox 436 920 468 946; x_wconf 91' lang='lat' dir='ltr'>B.</span> <span class='ocrx_word' id='word_1_81' title='bbox 491 935 526 939; x_wconf 88' lang='lat'>-</span> <span class='ocrx_word' id='word_1_82' title='bbox 552 919 609 953; x_wconf 80' lang='lat' dir='ltr'>la,</span> <span class='ocrx_word' id='word_1_83' title='bbox 638 919 655 947; x_wconf 87' lang='lat'>2</span> <span class='ocrx_word' id='word_1_84' title='bbox 676 923 765 949; x_wconf 80' lang='lat' dir='ltr'>Festa</span> <span class='ocrx_word' id='word_1_85' title='bbox 791 923 864 950; x_wconf 86' lang='lat' dir='ltr'>fehlt</span> <span class='ocrx_word' id='word_1_86' title='bbox 887 925 919 950; x_wconf 85' lang='lat' dir='ltr'>B.</span> <span class='ocrx_word' id='word_1_87' title='bbox 943 940 978 944; x_wconf 80' lang='lat'>—-</span> <span class='ocrx_word' id='word_1_88' title='bbox 1000 924 1058 958; x_wconf 77' lang='grc'>41),</span> <span class='ocrx_word' id='word_1_89' title='bbox 1088 924 1105 952; x_wconf 81' lang='grc'>2</span> <span class='ocrx_word' id='word_1_90' title='bbox 1127 931 1170 952; x_wconf 60' lang='lat' dir='ltr'>est</span> <span class='ocrx_word' id='word_1_91' title='bbox 1193 927 1265 954; x_wconf 81' lang='lat' dir='ltr'>fehlt</span> <span class='ocrx_word' id='word_1_92' title='bbox 1286 929 1318 954; x_wconf 85' lang='lat' dir='ltr'>B.</span> <span class='ocrx_word' id='word_1_93' title='bbox 1342 943 1377 947; x_wconf 93' lang='lat'><strong>—</strong></span> <span class='ocrx_word' id='word_1_94' title='bbox 1403 928 1479 962; x_wconf 81' lang='lat' dir='ltr'>lob,</span> <span class='ocrx_word' id='word_1_95' title='bbox 1506 929 1524 957; x_wconf 91' lang='lat'>3</span> 
     </span>
     <span class='ocr_line' id='line_1_23' title="bbox 187 954 1523 1001; baseline 0.011 -20"><span class='ocrx_word' id='word_1_96' title='bbox 187 954 246 981; x_wconf 80' lang='lat' dir='ltr'>Per</span> <span class='ocrx_word' id='word_1_97' title='bbox 266 956 361 991; x_wconf 87' lang='lat' dir='ltr'>ipsius</span> <span class='ocrx_word' id='word_1_98' title='bbox 383 957 442 984; x_wconf 84' lang='lat' dir='ltr'>AB.</span> <span class='ocrx_word' id='word_1_99' title='bbox 465 973 500 977; x_wconf 91' lang='lat'>—</span> <span class='ocrx_word' id='word_1_100' title='bbox 521 959 605 986; x_wconf 87' lang='lat' dir='ltr'>Nach</span> <span class='ocrx_word' id='word_1_101' title='bbox 627 959 752 996; x_wconf 85' lang='lat' dir='ltr'>Strophe</span> <span class='ocrx_word' id='word_1_102' title='bbox 777 959 837 988; x_wconf 90' lang='lat' dir='ltr'>lOb</span> <span class='ocrx_word' id='word_1_103' title='bbox 860 962 935 998; x_wconf 81' lang='lat' dir='ltr'>folgt</span> <span class='ocrx_word' id='word_1_104' title='bbox 956 963 1032 990; x_wconf 86' lang='lat' dir='ltr'>noch</span> <span class='ocrx_word' id='word_1_105' title='bbox 1055 965 1120 991; x_wconf 87' lang='lat' dir='ltr'>eine</span> <span class='ocrx_word' id='word_1_106' title='bbox 1144 966 1355 1001; x_wconf 67' lang='lat' dir='ltr'>Halbstrophe,</span> <span class='ocrx_word' id='word_1_107' title='bbox 1377 968 1425 995; x_wconf 90' lang='lat' dir='ltr'>die</span> <span class='ocrx_word' id='word_1_108' title='bbox 1447 969 1523 996; x_wconf 84' lang='lat' dir='ltr'>ohne</span> 
     </span>
     <span class='ocr_line' id='line_1_24' title="bbox 187 992 1095 1033; baseline 0.01 -13"><span class='ocrx_word' id='word_1_109' title='bbox 187 992 411 1030; x_wconf 84' lang='lat' dir='ltr'>Gegenstrophe</span> <span class='ocrx_word' id='word_1_110' title='bbox 433 997 472 1023; x_wconf 84' lang='lat' dir='ltr'>ist</span> <span class='ocrx_word' id='word_1_111' title='bbox 493 997 552 1023; x_wconf 88' lang='lat' dir='ltr'>und</span> <span class='ocrx_word' id='word_1_112' title='bbox 575 998 689 1033; x_wconf 62' lang='lat' dir='ltr'>spiitere</span> <span class='ocrx_word' id='word_1_113' title='bbox 711 999 799 1026; x_wconf 72' lang='lat' dir='ltr'>Zutat</span> <span class='ocrx_word' id='word_1_114' title='bbox 819 1009 856 1026; x_wconf 91' lang='lat' dir='ltr'>zu</span> <span class='ocrx_word' id='word_1_115' title='bbox 878 1002 942 1027; x_wconf 87' lang='lat' dir='ltr'>sein</span> <span class='ocrx_word' id='word_1_116' title='bbox 965 1002 1095 1029; x_wconf 85' lang='lat' dir='ltr'>scheint:</span> 
     </span>
    </p>
   </div>
   <div class='ocr_carea' id='block_1_13' title="bbox 636 1055 1059 1170">
    <p class='ocr_par' dir='ltr' id='par_1_13' title="bbox 636 1055 1059 1170">
     <span class='ocr_line' id='line_1_25' title="bbox 638 1055 1017 1091; baseline 0.011 -9"><span class='ocrx_word' id='word_1_117' title='bbox 638 1055 749 1089; x_wconf 80' lang='lat' dir='ltr'>Gaude,</span> <span class='ocrx_word' id='word_1_118' title='bbox 772 1057 843 1084; x_wconf 80' lang='lat' dir='ltr'>felix</span> <span class='ocrx_word' id='word_1_119' title='bbox 867 1059 1017 1091; x_wconf 79' lang='lat' dir='ltr'>Valentia,</span> 
     </span>
     <span class='ocr_line' id='line_1_26' title="bbox 636 1095 1012 1131; baseline 0.008 -10"><span class='ocrx_word' id='word_1_120' title='bbox 636 1095 718 1127; x_wconf 81' lang='lat' dir='ltr'>Quae</span> <span class='ocrx_word' id='word_1_121' title='bbox 740 1096 796 1122; x_wconf 92' lang='lat' dir='ltr'>Dei</span> <span class='ocrx_word' id='word_1_122' title='bbox 819 1097 1012 1131; x_wconf 83' lang='lat' dir='ltr'>providentia</span> 
     </span>
     <span class='ocr_line' id='line_1_27' title="bbox 672 1133 1059 1170; baseline 0.01 -11"><span class='ocrx_word' id='word_1_123' title='bbox 672 1133 769 1161; x_wconf 88' lang='lat' dir='ltr'>Tanto</span> <span class='ocrx_word' id='word_1_124' title='bbox 792 1135 963 1170; x_wconf 82' lang='lat' dir='ltr'>resplendes</span> <span class='ocrx_word' id='word_1_125' title='bbox 989 1136 1059 1163; x_wconf 74' lang='lat' dir='ltr'>filio.</span> 
     </span>
    </p>
   </div>
   <div class='ocr_carea' id='block_1_14' title="bbox 184 1184 753 1218">
    <p class='ocr_par' dir='ltr' id='par_1_14' title="bbox 184 1184 753 1218">
     <span class='ocr_line' id='line_1_28' title="bbox 184 1184 753 1218; baseline 0.011 -6"><span class='ocrx_word' id='word_1_126' title='bbox 184 1184 258 1218; x_wconf 70' lang='lat'>111³,</span> <span class='ocrx_word' id='word_1_127' title='bbox 281 1184 299 1213; x_wconf 85' lang='lat'><strong><em>2</em></strong></span> <span class='ocrx_word' id='word_1_128' title='bbox 320 1187 435 1215; x_wconf 85' lang='lat' dir='ltr'>Sociari</span> <span class='ocrx_word' id='word_1_129' title='bbox 458 1189 534 1216; x_wconf 85' lang='lat' dir='ltr'>caeli</span> <span class='ocrx_word' id='word_1_130' title='bbox 556 1190 673 1218; x_wconf 84' lang='lat' dir='ltr'>civibus</span> <span class='ocrx_word' id='word_1_131' title='bbox 694 1192 753 1218; x_wconf 84' lang='lat' dir='ltr'>AB.</span> 
     </span>
    </p>
   </div>
   <div class='ocr_carea' id='block_1_15' title="bbox 622 1333 1078 1377">
    <p class='ocr_par' dir='ltr' id='par_1_15' title="bbox 622 1333 1078 1377">
     <span class='ocr_line' id='line_1_29' title="bbox 622 1333 1078 1377; baseline 0.009 -13"><span class='ocrx_word' id='word_1_132' title='bbox 622 1333 690 1365; x_wconf 81' lang='lat'><strong><em>322.</em></strong></span> <span class='ocrx_word' id='word_1_133' title='bbox 734 1335 774 1366; x_wconf 81' lang='lat' dir='ltr'>De</span> <span class='ocrx_word' id='word_1_134' title='bbox 797 1337 906 1367; x_wconf 83' lang='lat' dir='ltr'>sancto</span> <span class='ocrx_word' id='word_1_135' title='bbox 929 1337 1078 1377; x_wconf 73' lang='lat' dir='ltr'>Virgilio.</span> 
     </span>
    </p>
   </div>
   <div class='ocr_carea' id='block_1_16' title="bbox 204 1421 1404 1563">
    <p class='ocr_par' dir='ltr' id='par_1_16' title="bbox 204 1421 1404 1563">
     <span class='ocr_line' id='line_1_30' title="bbox 204 1421 1404 1465; baseline 0.009 -12"><span class='ocrx_word' id='word_1_136' title='bbox 204 1421 220 1453; x_wconf 90' lang='lat'>1</span> <span class='ocrx_word' id='word_1_137' title='bbox 236 1429 266 1454; x_wconf 83' lang='lat' dir='ltr'>a.</span> <span class='ocrx_word' id='word_1_138' title='bbox 297 1421 427 1454; x_wconf 88' lang='lat' dir='ltr'>Laudet</span> <span class='ocrx_word' id='word_1_139' title='bbox 453 1423 515 1455; x_wconf 91' lang='lat' dir='ltr'>Dei</span> <span class='ocrx_word' id='word_1_140' title='bbox 541 1423 641 1456; x_wconf 88' lang='lat' dir='ltr'>filium</span> <span class='ocrx_word' id='word_1_141' title='bbox 902 1429 917 1460; x_wconf 91' lang='lat'>1</span> <span class='ocrx_word' id='word_1_142' title='bbox 933 1427 963 1460; x_wconf 90' lang='lat' dir='ltr'>b.</span> <span class='ocrx_word' id='word_1_143' title='bbox 996 1428 1115 1461; x_wconf 83' lang='lat' dir='ltr'>Christi</span> <span class='ocrx_word' id='word_1_144' title='bbox 1143 1431 1251 1462; x_wconf 89' lang='lat' dir='ltr'>colens</span> <span class='ocrx_word' id='word_1_145' title='bbox 1279 1433 1404 1465; x_wconf 86' lang='lat' dir='ltr'>vineam</span> 
     </span>
     <span class='ocr_line' id='line_1_31' title="bbox 300 1469 1340 1513; baseline 0.011 -12"><span class='ocrx_word' id='word_1_146' title='bbox 300 1469 405 1502; x_wconf 84' lang='lat' dir='ltr'>Docta</span> <span class='ocrx_word' id='word_1_147' title='bbox 432 1481 492 1512; x_wconf 89' lang='lat' dir='ltr'>per</span> <span class='ocrx_word' id='word_1_148' title='bbox 518 1473 690 1513; x_wconf 88' lang='lat' dir='ltr'>Virgilium</span> <span class='ocrx_word' id='word_1_149' title='bbox 996 1477 1059 1508; x_wconf 86' lang='lat' dir='ltr'>Hic</span> <span class='ocrx_word' id='word_1_150' title='bbox 1084 1479 1197 1510; x_wconf 88' lang='lat' dir='ltr'>salutis</span> <span class='ocrx_word' id='word_1_151' title='bbox 1224 1480 1340 1512; x_wconf 84' lang='lat' dir='ltr'>lineam</span> 
     </span>
     <span class='ocr_line' id='line_1_32' title="bbox 348 1519 1403 1563; baseline 0.01 -13"><span class='ocrx_word' id='word_1_152' title='bbox 348 1519 445 1551; x_wconf 88' lang='lat' dir='ltr'>Plebs</span> <span class='ocrx_word' id='word_1_153' title='bbox 471 1520 564 1552; x_wconf 86' lang='lat' dir='ltr'>huius</span> <span class='ocrx_word' id='word_1_154' title='bbox 591 1522 788 1561; x_wconf 84' lang='lat' dir='ltr'>provinciae.</span> <span class='ocrx_word' id='word_1_155' title='bbox 1043 1525 1138 1558; x_wconf 80' lang='lat' dir='ltr'>Genti</span> <span class='ocrx_word' id='word_1_156' title='bbox 1168 1528 1223 1559; x_wconf 87' lang='lat' dir='ltr'>dat</span> <span class='ocrx_word' id='word_1_157' title='bbox 1251 1529 1403 1563; x_wconf 75' lang='lat' dir='ltr'>iustitiae.</span> 
     </span>
    </p>
   </div>
   <div class='ocr_carea' id='block_1_17' title="bbox 199 1616 1390 1761">
    <p class='ocr_par' dir='ltr' id='par_1_17' title="bbox 199 1616 1390 1761">
     <span class='ocr_line' id='line_1_33' title="bbox 199 1616 1390 1658; baseline 0.01 -12"><span class='ocrx_word' id='word_1_158' title='bbox 199 1616 260 1647; x_wconf 69' lang='lat'>22.</span> <span class='ocrx_word' id='word_1_159' title='bbox 293 1616 483 1648; x_wconf 86' lang='lat' dir='ltr'>Iuvavensis</span> <span class='ocrx_word' id='word_1_160' title='bbox 510 1619 622 1650; x_wconf 88' lang='lat' dir='ltr'>exsule</span> <span class='ocrx_word' id='word_1_161' title='bbox 898 1621 961 1655; x_wconf 83' lang='lat' dir='ltr'>2b.</span> <span class='ocrx_word' id='word_1_162' title='bbox 995 1622 1080 1654; x_wconf 88' lang='lat' dir='ltr'>Hinc</span> <span class='ocrx_word' id='word_1_163' title='bbox 1108 1623 1241 1656; x_wconf 86' lang='lat' dir='ltr'>directis</span> <span class='ocrx_word' id='word_1_164' title='bbox 1269 1626 1390 1658; x_wconf 83' lang='lat' dir='ltr'>nuntiis</span> 
     </span>
     <span class='ocr_line' id='line_1_34' title="bbox 297 1664 1302 1706; baseline 0.01 -11"><span class='ocrx_word' id='word_1_165' title='bbox 297 1664 397 1696; x_wconf 87' lang='lat' dir='ltr'>Sedes</span> <span class='ocrx_word' id='word_1_166' title='bbox 422 1669 512 1698; x_wconf 83' lang='lat' dir='ltr'>tanto</span> <span class='ocrx_word' id='word_1_167' title='bbox 538 1668 689 1706; x_wconf 88' lang='lat' dir='ltr'>praesule</span> <span class='ocrx_word' id='word_1_168' title='bbox 995 1670 1090 1702; x_wconf 91' lang='lat' dir='ltr'>Fidei</span> <span class='ocrx_word' id='word_1_169' title='bbox 1118 1672 1302 1705; x_wconf 87' lang='lat' dir='ltr'>Karinthiis</span> 
     </span>
     <span class='ocr_line' id='line_1_35' title="bbox 343 1713 1328 1761; baseline 0.01 -17"><span class='ocrx_word' id='word_1_170' title='bbox 343 1713 507 1746; x_wconf 86' lang='lat' dir='ltr'>Illustrari</span> <span class='ocrx_word' id='word_1_171' title='bbox 535 1716 671 1756; x_wconf 77' lang='lat' dir='ltr'>meruit3</span> <span class='ocrx_word' id='word_1_172' title='bbox 1044 1720 1162 1752; x_wconf 79' lang='lat' dir='ltr'>Ianuas</span> <span class='ocrx_word' id='word_1_173' title='bbox 1189 1722 1328 1761; x_wconf 86' lang='lat' dir='ltr'>aperuit.</span> 
     </span>
    </p>
   </div>
   <div class='ocr_carea' id='block_1_18' title="bbox 197 1810 1447 1955">
    <p class='ocr_par' dir='ltr' id='par_1_18' title="bbox 197 1810 1447 1955">
     <span class='ocr_line' id='line_1_36' title="bbox 197 1810 1341 1855; baseline 0.008 -14"><span class='ocrx_word' id='word_1_174' title='bbox 197 1811 256 1842; x_wconf 85' lang='lat' dir='ltr'>3a.</span> <span class='ocrx_word' id='word_1_175' title='bbox 291 1810 478 1843; x_wconf 88' lang='lat' dir='ltr'>Producens</span> <span class='ocrx_word' id='word_1_176' title='bbox 506 1812 649 1855; x_wconf 90' lang='lat' dir='ltr'>idoneos,</span> <span class='ocrx_word' id='word_1_177' title='bbox 899 1815 960 1849; x_wconf 87' lang='lat' dir='ltr'>3b.</span> <span class='ocrx_word' id='word_1_178' title='bbox 993 1817 1127 1849; x_wconf 86' lang='lat' dir='ltr'>Additis</span> <span class='ocrx_word' id='word_1_179' title='bbox 1155 1818 1341 1850; x_wconf 84' lang='lat' dir='ltr'>doctoribus</span> 
     </span>
     <span class='ocr_line' id='line_1_37' title="bbox 294 1858 1414 1907; baseline 0.009 -17"><span class='ocrx_word' id='word_1_180' title='bbox 294 1858 468 1900; x_wconf 86' lang='lat' dir='ltr'>Corrigens</span> <span class='ocrx_word' id='word_1_181' title='bbox 495 1869 647 1894; x_wconf 72' lang='lat' dir='ltr'>erroneos</span> <span class='ocrx_word' id='word_1_182' title='bbox 993 1867 1103 1906; x_wconf 87' lang='lat' dir='ltr'>Agnos</span> <span class='ocrx_word' id='word_1_183' title='bbox 1131 1875 1201 1898; x_wconf 90' lang='lat' dir='ltr'>cum</span> <span class='ocrx_word' id='word_1_184' title='bbox 1230 1867 1414 1907; x_wconf 80' lang='lat' dir='ltr'>pastoribus</span> 
     </span>
     <span class='ocr_line' id='line_1_38' title="bbox 344 1908 1447 1955; baseline 0.008 -15"><span class='ocrx_word' id='word_1_185' title='bbox 344 1908 412 1940; x_wconf 89' lang='lat' dir='ltr'>Hos</span> <span class='ocrx_word' id='word_1_186' title='bbox 438 1909 480 1941; x_wconf 89' lang='lat' dir='ltr'>ad</span> <span class='ocrx_word' id='word_1_187' title='bbox 508 1910 605 1942; x_wconf 83' lang='lat' dir='ltr'>vitam</span> <span class='ocrx_word' id='word_1_188' title='bbox 634 1915 775 1955; x_wconf 87' lang='lat' dir='ltr'>revocat,</span> <span class='ocrx_word' id='word_1_189' title='bbox 1041 1914 1144 1946; x_wconf 84' lang='lat' dir='ltr'>Certis</span> <span class='ocrx_word' id='word_1_190' title='bbox 1172 1916 1272 1947; x_wconf 83' lang='lat' dir='ltr'>caulis</span> <span class='ocrx_word' id='word_1_191' title='bbox 1299 1917 1447 1951; x_wconf 84' lang='lat' dir='ltr'>collocat.</span> 
     </span>
    </p>
   </div>
   <div class='ocr_carea' id='block_1_19' title="bbox 193 2005 1428 2145">
    <p class='ocr_par' dir='ltr' id='par_1_19' title="bbox 193 2005 1428 2145">
     <span class='ocr_line' id='line_1_39' title="bbox 193 2005 1423 2053; baseline 0.008 -17"><span class='ocrx_word' id='word_1_192' title='bbox 193 2005 254 2038; x_wconf 84' lang='lat' dir='ltr'>4a.</span> <span class='ocrx_word' id='word_1_193' title='bbox 288 2005 415 2038; x_wconf 86' lang='lat' dir='ltr'>Deinde</span> <span class='ocrx_word' id='word_1_194' title='bbox 441 2005 498 2039; x_wconf 87' lang='lat' dir='ltr'>flos</span> <span class='ocrx_word' id='word_1_195' title='bbox 526 2007 688 2040; x_wconf 87' lang='lat' dir='ltr'>hominum</span> <span class='ocrx_word' id='word_1_196' title='bbox 896 2011 958 2045; x_wconf 87' lang='lat' dir='ltr'>4b.</span> <span class='ocrx_word' id='word_1_197' title='bbox 992 2011 1073 2044; x_wconf 79' lang='lat' dir='ltr'>Nam</span> <span class='ocrx_word' id='word_1_198' title='bbox 1101 2013 1264 2053; x_wconf 81' lang='lat' dir='ltr'>signorum</span> <span class='ocrx_word' id='word_1_199' title='bbox 1291 2023 1423 2046; x_wconf 90' lang='lat' dir='ltr'>numero</span> 
     </span>
     <span class='ocr_line' id='line_1_40' title="bbox 291 2054 1427 2095; baseline 0.007 -9"><span class='ocrx_word' id='word_1_200' title='bbox 291 2054 436 2087; x_wconf 85' lang='lat' dir='ltr'>Transiit</span> <span class='ocrx_word' id='word_1_201' title='bbox 461 2056 504 2088; x_wconf 90' lang='lat' dir='ltr'>ad</span> <span class='ocrx_word' id='word_1_202' title='bbox 532 2056 715 2095; x_wconf 87' lang='lat' dir='ltr'>Dominum,</span> <span class='ocrx_word' id='word_1_203' title='bbox 993 2061 1068 2092; x_wconf 90' lang='lat' dir='ltr'>Post</span> <span class='ocrx_word' id='word_1_204' title='bbox 1096 2065 1231 2093; x_wconf 88' lang='lat' dir='ltr'>mortem</span> <span class='ocrx_word' id='word_1_205' title='bbox 1259 2062 1427 2095; x_wconf 86' lang='lat' dir='ltr'>innumero</span> 
     </span>
     <span class='ocr_line' id='line_1_41' title="bbox 339 2103 1428 2145; baseline 0.007 -10"><span class='ocrx_word' id='word_1_206' title='bbox 339 2103 404 2136; x_wconf 89' lang='lat' dir='ltr'>Sed</span> <span class='ocrx_word' id='word_1_207' title='bbox 428 2108 532 2136; x_wconf 86' lang='lat' dir='ltr'>morte</span> <span class='ocrx_word' id='word_1_208' title='bbox 557 2115 620 2137; x_wconf 91' lang='lat' dir='ltr'>non</span> <span class='ocrx_word' id='word_1_209' title='bbox 646 2107 749 2144; x_wconf 75' lang='lat' dir='ltr'>aruit:</span> <span class='ocrx_word' id='word_1_210' title='bbox 1038 2110 1136 2142; x_wconf 88' lang='lat' dir='ltr'>Caelo</span> <span class='ocrx_word' id='word_1_211' title='bbox 1163 2111 1274 2142; x_wconf 87' lang='lat' dir='ltr'>vivens</span> <span class='ocrx_word' id='word_1_212' title='bbox 1301 2111 1428 2145; x_wconf 85' lang='lat' dir='ltr'>claruit.</span> 
     </span>
    </p>
   </div>
   <div class='ocr_carea' id='block_1_20' title="bbox 192 2200 1412 2342">
    <p class='ocr_par' dir='ltr' id='par_1_20' title="bbox 192 2200 1412 2342">
     <span class='ocr_line' id='line_1_42' title="bbox 192 2200 1366 2247; baseline 0 -9"><span class='ocrx_word' id='word_1_213' title='bbox 192 2203 253 2233; x_wconf 69' lang='lat'>5³-</span> <span class='ocrx_word' id='word_1_214' title='bbox 284 2200 364 2242; x_wconf 81' lang='lat' dir='ltr'>NOS,</span> <span class='ocrx_word' id='word_1_215' title='bbox 395 2201 519 2242; x_wconf 65' lang='lat' dir='ltr'>Vstgili,</span> <span class='ocrx_word' id='word_1_216' title='bbox 548 2203 684 2243; x_wconf 82' lang='lat' dir='ltr'>respice,</span> <span class='ocrx_word' id='word_1_217' title='bbox 893 2206 957 2239; x_wconf 88' lang='lat' dir='ltr'>5b.</span> <span class='ocrx_word' id='word_1_218' title='bbox 988 2206 1039 2238; x_wconf 90' lang='lat' dir='ltr'>Sis</span> <span class='ocrx_word' id='word_1_219' title='bbox 1066 2207 1159 2238; x_wconf 84' lang='lat' dir='ltr'>nobis</span> <span class='ocrx_word' id='word_1_220' title='bbox 1186 2210 1221 2237; x_wconf 80' lang='lat' dir='ltr'>ut</span> <span class='ocrx_word' id='word_1_221' title='bbox 1247 2207 1366 2247; x_wconf 83' lang='lat' dir='ltr'>paries,</span> 
     </span>
     <span class='ocr_line' id='line_1_43' title="bbox 288 2249 1346 2291; baseline 0.005 -10"><span class='ocrx_word' id='word_1_222' title='bbox 288 2249 391 2282; x_wconf 85' lang='lat' dir='ltr'>Tuum</span> <span class='ocrx_word' id='word_1_223' title='bbox 419 2259 548 2291; x_wconf 83' lang='lat' dir='ltr'>gregem</span> <span class='ocrx_word' id='word_1_224' title='bbox 576 2250 684 2291; x_wconf 77' lang='lat' dir='ltr'>refice,</span> <span class='ocrx_word' id='word_1_225' title='bbox 988 2255 1041 2287; x_wconf 88' lang='lat' dir='ltr'>Ad</span> <span class='ocrx_word' id='word_1_226' title='bbox 1069 2255 1174 2286; x_wconf 86' lang='lat' dir='ltr'>caelos</span> <span class='ocrx_word' id='word_1_227' title='bbox 1201 2258 1235 2286; x_wconf 87' lang='lat' dir='ltr'>ut</span> <span class='ocrx_word' id='word_1_228' title='bbox 1262 2255 1346 2286; x_wconf 90' lang='lat' dir='ltr'>aries</span> 
     </span>
     <span class='ocr_line' id='line_1_44' title="bbox 337 2298 1412 2342; baseline 0.006 -12"><span class='ocrx_word' id='word_1_229' title='bbox 337 2298 466 2331; x_wconf 91' lang='lat' dir='ltr'>Nobilis</span> <span class='ocrx_word' id='word_1_230' title='bbox 492 2300 603 2342; x_wconf 89' lang='lat' dir='ltr'>opilio.</span> <span class='ocrx_word' id='word_1_231' title='bbox 1037 2303 1108 2335; x_wconf 84' lang='lat' dir='ltr'>Duc</span> <span class='ocrx_word' id='word_1_232' title='bbox 1135 2312 1192 2334; x_wconf 91' lang='lat' dir='ltr'>nos</span> <span class='ocrx_word' id='word_1_233' title='bbox 1218 2303 1259 2334; x_wconf 80' lang='lat' dir='ltr'>ab</span> <span class='ocrx_word' id='word_1_234' title='bbox 1287 2303 1412 2336; x_wconf 89' lang='lat' dir='ltr'>exsilio.</span> 
     </span>
    </p>
   </div>
   <div class='ocr_carea' id='block_1_21' title="bbox 162 2395 1506 2511">
    <p class='ocr_par' dir='ltr' id='par_1_21' title="bbox 162 2395 1506 2511">
     <span class='ocr_line' id='line_1_45' title="bbox 241 2395 1506 2432; baseline 0.003 -9"><span class='ocrx_word' id='word_1_235' title='bbox 241 2395 327 2424; x_wconf 82' lang='lat' dir='ltr'>Miss.</span> <span class='ocrx_word' id='word_1_236' title='bbox 356 2405 410 2424; x_wconf 85' lang='lat' dir='ltr'>ms.</span> <span class='ocrx_word' id='word_1_237' title='bbox 437 2395 668 2432; x_wconf 76' lang='lat' dir='ltr'>Salisburgense</span> <span class='ocrx_word' id='word_1_238' title='bbox 694 2404 770 2424; x_wconf 81' lang='lat' dir='ltr'>saec.</span> <span class='ocrx_word' id='word_1_239' title='bbox 801 2395 844 2426; x_wconf 88' lang='lat'>15.</span> <span class='ocrx_word' id='word_1_240' title='bbox 872 2398 943 2427; x_wconf 90' lang='lat' dir='ltr'>Cod.</span> <span class='ocrx_word' id='word_1_241' title='bbox 969 2399 1046 2426; x_wconf 79' lang='lat' dir='ltr'>Mus.</span> <span class='ocrx_word' id='word_1_242' title='bbox 1075 2399 1173 2426; x_wconf 82' lang='lat' dir='ltr'>Germ.</span> <span class='ocrx_word' id='word_1_243' title='bbox 1202 2396 1311 2426; x_wconf 80' lang='lat'>22932.</span> <span class='ocrx_word' id='word_1_244' title='bbox 1341 2414 1378 2418; x_wconf 97' lang='lat'><strong>—</strong></span> <span class='ocrx_word' id='word_1_245' title='bbox 1404 2398 1458 2431; x_wconf 84' lang='lat' dir='ltr'>lb,</span> <span class='ocrx_word' id='word_1_246' title='bbox 1488 2399 1506 2427; x_wconf 81' lang='lat'>2</span> 
     </span>
     <span class='ocr_line' id='line_1_46' title="bbox 163 2433 1503 2471; baseline 0.002 -9"><span class='ocrx_word' id='word_1_247' title='bbox 163 2434 272 2463; x_wconf 82' lang='lat' dir='ltr'>salutis</span> <span class='ocrx_word' id='word_1_248' title='bbox 302 2435 429 2464; x_wconf 84' lang='lat' dir='ltr'>vineam.</span> <span class='ocrx_word' id='word_1_249' title='bbox 452 2451 490 2455; x_wconf 97' lang='lat'><strong>—</strong></span> <span class='ocrx_word' id='word_1_250' title='bbox 514 2434 570 2469; x_wconf 88' lang='lat' dir='ltr'>lb,</span> <span class='ocrx_word' id='word_1_251' title='bbox 598 2433 616 2464; x_wconf 90' lang='lat'><strong>3</strong></span> <span class='ocrx_word' id='word_1_252' title='bbox 636 2435 726 2464; x_wconf 83' lang='lat' dir='ltr'>Genti</span> <span class='ocrx_word' id='word_1_253' title='bbox 749 2435 840 2464; x_wconf 82' lang='lat' dir='ltr'>dedit.</span> <span class='ocrx_word' id='word_1_254' title='bbox 862 2452 899 2456; x_wconf 97' lang='lat'><strong>—</strong></span> <span class='ocrx_word' id='word_1_255' title='bbox 920 2436 982 2470; x_wconf 70' lang='lat'>4³,</span> <span class='ocrx_word' id='word_1_256' title='bbox 1011 2436 1028 2465; x_wconf 85' lang='lat'><strong>2</strong></span> <span class='ocrx_word' id='word_1_257' title='bbox 1049 2437 1179 2464; x_wconf 84' lang='lat' dir='ltr'>Transit.</span> <span class='ocrx_word' id='word_1_258' title='bbox 1202 2452 1237 2455; x_wconf 86' lang='lat'>—</span> <span class='ocrx_word' id='word_1_259' title='bbox 1260 2436 1318 2471; x_wconf 72' lang='lat'>5³,</span> <span class='ocrx_word' id='word_1_260' title='bbox 1350 2438 1361 2465; x_wconf 93' lang='lat' dir='ltr'>l</span> <span class='ocrx_word' id='word_1_261' title='bbox 1383 2439 1445 2465; x_wconf 77' lang='lat' dir='ltr'>Vis.</span> <span class='ocrx_word' id='word_1_262' title='bbox 1469 2453 1503 2458; x_wconf 86' lang='lat'>—</span> 
     </span>
     <span class='ocr_line' id='line_1_47' title="bbox 162 2473 882 2511; baseline 0.003 -9"><span class='ocrx_word' id='word_1_263' title='bbox 162 2473 295 2502; x_wconf 83' lang='lat' dir='ltr'>Melodie</span> <span class='ocrx_word' id='word_1_264' title='bbox 319 2474 414 2502; x_wconf 85' lang='lat' dir='ltr'>wohl:</span> <span class='ocrx_word' id='word_1_265' title='bbox 438 2475 531 2502; x_wconf 91' lang='lat' dir='ltr'>Veni</span> <span class='ocrx_word' id='word_1_266' title='bbox 553 2477 682 2502; x_wconf 86' lang='lat' dir='ltr'>sancte</span> <span class='ocrx_word' id='word_1_267' title='bbox 702 2475 882 2511; x_wconf 84' lang='lat' dir='ltr'>spiritus.</span> 
     </span>
    </p>
   </div>
  </div>
 </body>
</html>
