1655 2713
685 154 948 190 —163—

151 251 233 285 loa.
266 251 384 284 Pennis
411 251 504 283 huius
529 251 650 284 idiotae

270 297 452 333 Elevantur
479 300 562 340 regis
588 305 678 333 rotae

320 346 418 380 Secus
439 348 600 391 animalia,

849 252 932 286 lob.
965 252 1007 283 Et
1034 251 1188 283 caelestes
1215 250 1393 283 citharoedi

967 300 1008 333 Se
1043 303 1249 340 prosternunt
1282 298 1384 340 patris
1410 297 1480 330 sedi

1016 348 1174 380 Canentes
1200 347 1352 380 Alleluia.

228 443 351 471 Collect.
373 452 425 470 ms.
441 444 626 471 Victorinum
649 453 724 472 saec.
748 443 791 471 15.
813 442 871 479 [123.
895 442 952 480 16.]
968 444 1038 472 Cod.
1054 445 1180 472 Parisin.
1206 442 1239 470 l4
1250 441 1314 471 872.
1332 459 1367 463 —
1386 442 1438 473 la,
1463 444 1480 469 2

151 482 228 510 Caro
249 483 364 509 comsit.
386 498 424 502 —
438 480 493 515 21),
516 480 534 508 2
555 482 626 510 fides
648 484 731 510 amis.
746 497 783 501 —
796 481 851 515 9a,
874 481 891 510 2
913 482 1024 510 Celurn.
1042 498 1076 502 —
1093 481 1150 517 9b,
1171 481 1189 511 3
1213 483 1336 510 ultricis.
1351 497 1386 502 —
1407 481 1440 509 10
1453 481 1479 512 b.

150 517 168 548 3
195 520 400 553 Modulantes,
425 521 504 548 dann
533 523 687 557 corrigiert
714 521 868 549 Canentes.
896 536 934 541 —
962 521 1020 549 Cfr.
1043 521 1178 555 Gautier,
1207 521 1301 548 Adam
1326 522 1362 548 de
1382 520 1477 548 Saint-

150 559 262 586 Victor.
288 557 372 591 1894,
394 569 421 595 p.
445 557 510 586 274.

528 663 586 694 176.
627 663 669 694 De
692 671 716 693 s.
739 662 874 694 Iohanne
895 662 1114 702 Evangelista.

178 753 238 785 la.
268 753 389 784 Vertex
416 753 618 793 evangelicus

274 801 343 840 Est,
369 810 462 841 quem
489 806 596 832 rector
620 801 759 832 caelicus

318 849 433 890 Diligit
459 857 538 889 prae
562 850 697 880 ceteris:

176 946 237 977 2a.
270 945 390 977 Christi
417 950 550 977 mortem
574 945 702 985 aspicit,

272 993 388 1025 Curam
415 993 527 1024 matris
552 993 685 1032 suscipit

319 1041 462 1072 Fervens
487 1041 585 1072 vincit
613 1041 733 1075 oleum:

176 1138 236 1169 32.
268 1137 392 1168 Aurum
420 1136 475 1168 dat
501 1146 539 1168 ex
569 1137 708 1178 virgulis,

273 1185 361 1217 Caeli
388 1184 539 1217 Pathmos
565 1185 678 1217 insulis

316 1232 443 1273 Aspicit
469 1234 634 1272 mysteria.

170 1330 231 1360 4a.
262 1328 364 1360 Vocat
392 1337 462 1360 cum
488 1330 643 1369 apostolis

267 1376 308 1408 Et
334 1377 495 1408 caelomm
522 1378 634 1409 incolis

314 1425 408 1456 Hunc
435 1426 476 1457 de
499 1434 594 1457 carne
613 1427 778 1459 Dominus,

170 1522 230 1553 5a.
263 1520 363 1552 Vates
387 1525 419 1552 et
444 1521 600 1561 apostole,

264 1568 404 1609 Martyr‚
432 1569 531 1610 virgo,
560 1570 665 1601 recole

313 1617 396 1648 Vota
421 1621 453 1648 te
480 1617 652 1649 colentium

877 753 936 786 lb.
968 753 1030 784 Hic
1056 753 1236 785 abstractus
1261 755 1381 794 nuptiis

969 801 1011 833 Et
1037 802 1175 833 intactus
1202 802 1288 833 vitiis

1018 850 1153 882 Fontem
1180 849 1263 882 bibit
1289 851 1441 883 aetheris.

869 945 932 980 2b.
965 947 1122 978 Haustum
1152 946 1237 977 virus
1264 946 1402 982 hebetat,

962 994 1109 1025 Mortuos
1136 999 1309 1034 revegetat.

1010 1041 1139 1073 Silicem
1167 1042 1221 1073 dat
1248 1051 1436 1082 gemmeum.

869 1137 932 1172 3b.
964 1138 1063 1170 Latro
1090 1148 1149 1178 per
1174 1139 1257 1170 hunc
1285 1140 1397 1179 resipit

964 1186 1007 1218 Et
1033 1191 1188 1227 purgatus
1216 1188 1329 1227 recipit

1014 1235 1135 1267 Christi
1161 1236 1347 1268 ministeria.

865 1330 926 1363 4b.
960 1332 1050 1364 Mors
1077 1341 1185 1363 morsu
1211 1342 1273 1363 non
1299 1333 1405 1372 tetigit

961 1379 1081 1419 Ipsum.
1109 1389 1168 1419 per
1193 1390 1285 1420 quam
1313 1382 1417 1421 attigit

1008 1428 1130 1460 Christi
1146 1429 1267 1460 vultum
1289 1430 1473 1462 comminus.

866 1526 884 1556 5
901 1522 931 1555 b.
964 1524 1126 1563 Aquilinis
1152 1529 1323 1565 protegens

961 1572 1033 1603 Alis
1059 1581 1116 1604 nos
1143 1576 1173 1604 et
1200 1573 1379 1605 subvehens

1011 1620 1064 1652 Ad
1091 1624 1209 1653 terram
1237 1622 1422 1655 viventium.

218 1711 341 1739 Collect.
364 1721 416 1739 ms.
439 1712 680 1749 Engelbergense
702 1723 777 1742 saec.
802 1714 843 1742 13.
866 1716 936 1743 Cod.
964 1715 1176 1752 Engelbergen.
1200 1726 1222 1743 5.
1246 1726 1272 1743 n.
1290 1734 1323 1737 —
1344 1718 1471 1746 Melodie

140 1750 284 1778 offenbar:
306 1751 402 1778 Veni
430 1755 558 1779 sancte
588 1753 758 1787 spiritus.

423 1895 480 1925 177.
522 1894 563 1926 De
584 1903 608 1926 s.
630 1894 767 1927 Iohanne
789 1897 862 1927 ante
885 1896 1013 1928 Portam
1035 1897 1192 1929 Latinam.

589 1987 620 2021 1.
648 1987 720 2026 Eia,
748 1987 916 2027 carissimi,

648 2045 779 2077 agamus
806 2045 877 2068 cum
903 2037 1020 2078 gaudio

651 2084 802 2117 Iohannis
829 2085 1006 2127 sollemnia,

161 2179 220 2211 2a.
252 2179 352 2218 Quem
380 2179 535 2213 Dominus
562 2181 680 2221 posuit.

257 2227 411 2268 Quoniam
437 2228 483 2260 sic
510 2229 618 2271 voluit,

306 2277 344 2308 In
369 2280 461 2309 tanta
486 2277 654 2318 munditia,

160 2372 221 2405 3a.
252 2372 295 2405 Et
320 2377 395 2414 post
418 2375 629 2416 apostolicum

256 2420 350 2455 Fecit
375 2421 601 2457 duodecimum

305 2470 423 2504 Divina
449 2472 629 2514 clementia,

860 2181 923 2215 2b.
955 2183 1000 2216 Ut
1026 2188 1171 2216 servaret
1197 2185 1351 2225 virginem

955 2232 1048 2264 Illum
1077 2237 1220 2265 sanctum
1250 2233 1408 2265 hominem

1003 2280 1153 2313 Gratuita
1179 2283 1301 2322 gratim

857 2378 922 2412 3b.
956 2379 1034 2412 Cum
1062 2382 1187 2419 patrem
1214 2380 1354 2412 deseruit

952 2429 995 2461 Et
1021 2437 1068 2466 ea,
1093 2437 1174 2468 quae
1199 2428 1321 2468 habuit,

1001 2476 1182 2517 Dereliquit
1208 2478 1325 2511 omnia.

1235 2534 1289 2562 11*
