1655 2713
660 145 918 180 -143—

146 243 211 277 33.
242 243 280 274 111
293 242 356 274 hac
365 251 476 275 omnes
487 243 650 276 Christum
662 243 797 276 laudent
847 242 910 278 3b.
943 243 1060 275 Dicant
1111 249 1220 273 omnes
1271 244 1301 271 et
1346 240 1460 271 dicant

245 291 290 323 Et
316 299 377 330 per
401 291 504 331 ipsam
523 292 586 324 sibi
604 292 761 332 plaudent
1169 288 1303 328 singuli:

293 338 392 371 Vitae
420 339 492 371 dari
518 349 661 373 munera.
944 340 1026 377 Ave,
1045 338 1131 370 salus
1149 337 1319 370 Trecensis
1334 335 1458 377 populi,

991 387 1090 427 Virgo
1117 383 1296 418 salutifera.

148 461 170 492 4
179 468 210 491 a.
243 458 269 491 O
279 467 373 498 quam
386 456 477 499 felix,
488 468 582 499 quam
595 460 761 499 praeclara
849 462 870 493 4
879 459 910 491 b.
942 459 1124 499 Porphyrio
1150 457 1364 498 praesignata,

247 506 336 538 Haec
363 509 412 537 est
439 507 529 547 virgo
558 507 628 539 Deo
655 517 741 548 cara,
945 508 1031 539 Nata
1058 507 1197 538 nondum
1225 509 1272 537 est
1299 503 1409 536 adfata

295 553 395 594 Regis
421 558 494 586 orta
519 555 692 595 sanguine!
994 555 1148 587 Testante
1176 553 1342 586 Gratulia:

246 602 381 643 Agyelis
406 601 482 638 filia.
946 603 1114 642 Templum
1143 603 1225 634 dixit
1253 601 1433 633 consecrari

248 651 335 683 Nata
362 650 403 682 de
429 649 589 691 Gratulia‚
946 651 1072 682 Mariae
1100 651 1160 690 bis,
1187 651 1261 681 lieet
1290 649 1351 681 fari

300 699 385 730 Vixit
412 698 481 730 sine
506 699 650 731 erimine,
994 700 1136 738 Negaret
1164 698 1310 730 infantia.

152 775 213 806 5a.
246 772 330 804 Huic
356 771 491 803 annulus
519 771 711 809 destinatur,
853 770 916 803 5b.
947 771 1068 802 Muscis
1096 770 1162 800 eius
1190 779 1223 800 os
1250 774 1416 810 purgatur,

250 819 313 852 Per
344 828 435 860 quern
464 818 526 850 sibi
553 824 766 851 conservatur
949 819 989 850 Et
1026 818 1099 849 huic
1129 823 1236 848 aestus
1263 822 1464 857 temperatur

299 868 441 908 Virginis
467 867 599 908 religio·‚
996 866 1144 897 Turturis
1170 864 1288 897 officio.

154 944 213 975 63.
247 941 333 982 Ignis
357 949 517 980 nunquam
544 940 728 980 minoravit,
855 939 917 972 6b.
950 939 1043 970 Hanc
1067 938 1203 978 signavit
1234 938 1350 968 dextra
1370 938 1463 975 vitae,

252 990 287 1022 In
314 989 475 1029 baptismo
501 997 582 1028 quae
609 988 747 1028 gestavit
952 986 993 1019 Ut
1022 991 1182 1018 testantur
1209 986 1371 1017 eremitae.

301 1038 410 1078 Virgo,
438 1037 620 1070 luminaria.
999 1035 1058 1075 Qui
1088 1034 1237 1065 viderunt
1265 1034 1352 1066 talia.

157 1111 215 1144 7a.
248 1110 313 1142 Vas
342 1109 454 1141 habuit
481 1113 512 1140 et
540 1095 736 1146 contentum,
857 1107 916 1141 7b.
948 1107 1090 1148 Argyria
1119 1106 1220 1137 doluit

252 1158 340 1198 Quae
359 1162 524 1190 mutantur
540 1157 573 1189 in
587 1161 766 1197 argentum,
949 1155 1020 1188 Hoc
1046 1155 1130 1194 ideo,
1159 1154 1243 1194 quod
1271 1152 1330 1185 fuit

300 1207 428 1246 Pauper
454 1205 653 1237 muliercula.
999 1203 1141 1236 scutella
1168 1208 1231 1234 tam
1260 1202 1405 1243 parvula.

156 1280 216 1312 83.
250 1279 349 1319 Virgo
376 1278 500 1310 nimbos
526 1278 723 1318 impetravit,
853 1277 915 1310 811.
949 1278 1056 1309 Cunus
1083 1277 1151 1307 eius
1178 1286 1239 1307 non
1268 1275 1382 1314 rigavit

252 1328 337 1366 Quos
365 1327 484 1359 habere
511 1327 675 1366 peroravit
949 1325 1058 1360 Gutta.
1083 1324 1184 1356 Deum
1207 1324 1298 1364 plebs
1317 1323 1465 1354 laudavit

301 1375 366 1408 Diu
392 1376 478 1407 sicca
502 1375 611 1416 regim
997 1373 1070 1406 Una
1097 1382 1167 1404 cum
1195 1372 1346 1412 Evagrio.

154 1450 215 1483 93.
248 1448 384 1480 Ramum
419 1447 527 1488 palma
554 1446 647 1480 flexit
672 1447 766 1488 alma,
855 1445 917 1479 9b.
952 1445 1123 1485 Pan-avisii,
1151 1454 1269 1485 sponsa
1298 1444 1428 1475 Christi.

254 1496 352 1536 Virgo
379 1496 475 1528 scidit
502 1494 660 1534 fructum,
688 1495 768 1527 vidit
952 1494 1020 1525 Tuo
1047 1493 1132 1533 patri
1159 1499 1253 1532 atque
1281 1492 1375 1523 matri

305 1545 402 1577 Plebs
430 1544 508 1576 haec
534 1544 707 1576 mirabilia.
1001 1541 1128 1573 Gaudia
1154 1541 1320 1580 perennia.

134 1617 179 1650 10
189 1626 218 1650 a.
250 1618 279 1649 A
306 1617 440 1649 maxilla
466 1615 629 1656 paternali
832 1614 875 1647 10
886 1613 917 1646 b.
953 1613 990 1645 111
1016 1613 1154 1644 transitu
1181 1612 1340 1652 gloriosae

257 1665 358 1698 Dolor
385 1663 467 1705 fugit
494 1663 584 1696 filiali
952 1662 1056 1693 Huius
1084 1665 1213 1692 sanctae
1240 1661 1404 1700 speciosae

256 1715 355 1752 Vitta,
384 1713 469 1745 mala
494 1722 594 1753 grana
621 1711 697 1743 mali
952 1710 1000 1742 De
1025 1709 1163 1741 nubibus
1190 1709 1296 1749 palam
1325 1717 1415 1740 rosae

301 1762 506 1795 Sanaverunt
531 1761 648 1802 omnia,
1001 1758 1156 1791 Pluerunt
1183 1763 1213 1789 et
1241 1758 1319 1791 lilia.

134 1836 219 1870 113.
254 1834 343 1868 Urbs
369 1835 492 1867 laetare
518 1833 710 1866 Trecassina
828 1832 869 1865 11
883 1831 914 1866 b.
948 1831 1036 1864 Urbs
1054 1831 1239 1866 Trecorum,
1267 1831 1352 1862 0111111
1371 1830 1465 1861 laude

254 1883 303 1916 De
330 1888 395 1916 tam
422 1892 546 1915 summa
579 1882 751 1924 medicina,
950 1879 999 1912 De
1025 1879 1177 1911 thesauro
1203 1883 1292 1910 tanto
1320 1880 1433 1920 gaude,

251 1932 354 1973 Quam
382 1931 536 1973 custodis,
564 1934 600 1962 ut
627 1931 738 1963 divina
952 1928 1030 1960 Eius
1057 1932 1141 1967 ortu„
1171 1928 1245 1965 vita.
1274 1927 1402 1968 plaude,

302 1981 380 2013 Vult
402 1980 612 2021 propitiati03
1006 1977 1198 2009 Naturensis
1225 1977 1322 2016 regio.

133 2055 176 2089 12
188 2065 217 2088 a.
248 2055 450 2087 Assistentes
477 2054 545 2086 eius
571 2053 661 2085 laudi
829 2052 873 2085 12
884 2050 915 2084 b.
954 2050 1020 2082 Nos
1048 2050 1190 2090 digneris
1216 2050 1370 2081 exaudire

252 2103 299 2136 Te
325 2111 507 2144 precamur,
537 2103 633 2143 Deus,
661 2101 739 2133 audi
954 2099 1021 2131 Nec
1048 2099 1216 2139 permittas
1244 2107 1301 2129 nos
1328 2098 1445 2137 perire.

300 2151 344 2184 Et
370 2151 438 2183 eius
465 2150 585 2183 sanctis
613 2149 763 2190 precibus
999 2148 1075 2185 Sed,
1106 2156 1175 2178 cum
1204 2147 1272 2178 dies
1300 2147 1358 2177 erit
1387 2147 1466 2180 irae,

302 2200 372 2232 Nos
398 2209 417 2232 a
442 2200 556 2240 poenis
579 2198 769 2230 mortalibus
1001 2195 1103 2228 Nobis
1131 2194 1242 2227 confer
1269 2199 1297 2225 et
1326 2195 1445 2235 largire

349 2247 507 2281 Transfer
532 2247 574 2280 ad
601 2246 765 2278 caelestia.
1051 2244 1255 2284 Sempitema
1281 2242 1408 2283 gaudia.

208 2321 293 2349 Miss.
322 2329 376 2348 ms.
406 2319 553 2347 Trecense
582 2326 660 2345 saec.
689 2314 732 2344 15.
762 2315 832 2343 Cod.
859 2316 981 2343 Trecen.
1012 2314 1074 2343 117.
1105 2316 1137 2341 A.
1160 2329 1198 2333 —
1218 2315 1302 2341 Miss.
1325 2314 1470 2342 Trecense

133 2362 195 2397 imp
197 2360 347 2388 .Parisiis
365 2356 448 2387 1497.
462 2359 499 2386 B.
514 2357 650 2385 ——Miss.
665 2355 836 2383 Trecense‘
828 2363 897 2390 imp.
913 2355 1014 2382 Trecis
1033 2353 1115 2381 1514.
1131 2355 1162 2381 (Δ
1178 2354 1308 2380 —Mis..
1324 2354 1470 2381 Trecense

134 2401 206 2436 imp.
226 2399 329 2427 'rrecis
354 2395 437 2426 1533.
460 2398 496 2425 D.
518 2410 556 2416 —
578 2394 630 2427 21),
653 2394 670 2422 3
692 2393 798 2422 Dulcis
819 2397 849 2422 et
870 2395 902 2422 B.
927 2409 960 2413 —
984 2391 1036 2426 3a,
1059 2391 1076 2419 2
1098 2392 1242 2427 plaudant
1263 2393 1298 2419 D.
1322 2406 1357 2410 —
1380 2391 1431 2425 43,
1453 2391 1470 2419 5

132 2438 255 2467 Getulia
276 2439 312 2465 D.
335 2451 372 2456 —
393 2435 451 2469 7a,
482 2434 495 2463 1
518 2437 721 2470 contemptum
743 2433 807 2460 AB.
829 2447 866 2452 -
887 2431 944 2467 8a,
974 2430 991 2459 2
1013 2432 1185 2468 perornavit
1206 2432 1265 2458 ΑΒ.
1289 2446 1321 2449 -
1349 2429 1422 2462 lOa
1453 2431 1470 2458 3

130 2477 212 2505 vita.
233 2491 271 2496 —
294 2474 358 2510 123,
381 2474 396 2504 1
419 2476 484 2503 eius
505 2473 575 2502 audi
598 2474 629 2502 Β.
652 2486 689 2492 -
710 2471 840 2500 Melodie
861 2471 1026 2499 natiirlich:
1050 2470 1195 2498 Laudes
1217 2471 1356 2497 crucis.
