1655 2713
739 148 976 183 -34—

223 244 242 274 2
256 252 285 274 a.
324 243 419 275 t'rbis
437 254 529 284 quam
548 245 705 285 praefecti
723 249 826 284 natus,

318 293 520 325 Adulescens
546 294 631 333 patri
656 298 776 333 gratus,

362 341 480 372 Amore
506 342 589 372 zelat
613 344 738 382 terreo3

217 472 280 503 32.
310 473 362 504 A·l
391 473 502 505 luxosa
528 473 623 504 ducta
650 473 720 504 loca

314 520 397 555 Fuit,
425 519 519 551 foeda
546 520 623 551 haec
649 524 684 551 ut
709 520 780 552 ioca

358 568 541 606 l’erciperet
568 568 710 606 puellula
722 580 729 608 3

214 654 276 683 4a.
312 651 518 683 1·mefocatur
543 653 752 694 adulescens;

312 700 404 730 l‘uter
437 701 530 732 adest
564 701 666 732 tristis
695 712 816 743 amens,

357 747 512 780 I’recatur
537 749 633 780 vitam
662 749 738 785 filio.

211 836 229 866 5
246 843 274 867 a.
304 834 440 872 Quidum
466 835 544 866 nihil
570 836 788 877 advertentes,

307 882 392 921 Ignis
419 888 536 914 struem
565 882 731 925 facientes,

355 931 386 960 ln
403 939 494 969 quam
508 930 585 962 ferri
595 933 797 972 praecipiunt
808 944 814 971 ;

209 1016 228 1047 6
244 1023 271 1046 a.
304 1015 390 1045 Ense
415 1015 538 1047 demum
566 1017 756 1057 trucidatur,

303 1062 380 1093 Eius
402 1072 482 1102 agon
509 1066 709 1107 terminatur,

351 1111 513 1142 scandens
529 1113 569 1142 ad
581 1113 671 1152 regni
684 1114 808 1147 solium,

911 245 930 277 2
946 244 976 278 b.
1006 245 1106 284 Quem
1138 253 1210 276 cum
1245 245 1342 277 rebus
1368 244 1522 286 pretiosis

1006 292 1137 331 Sprevit
1174 293 1282 325 vanis:
1325 293 1396 325 Non
1431 301 1520 326 amo-

1235 341 1329 380 rosis,

1051 388 1115 420 Sed
1126 387 1266 427 Christo,
1280 397 1332 428 en,
1343 389 1517 422 adhaereo.

905 477 925 506 3
942 473 973 507 b.
1005 474 1068 507 Sed
1096 484 1165 507 cum
1193 480 1276 506 esset
1301 475 1383 507 clam
1401 480 1517 518 erepta

1002 523 1120 554 Densis
1145 529 1175 554 et
1203 523 1330 564 capillis
1355 529 1442 556 tecta

1046 572 1076 603 A
1111 581 1230 611 sponso
1264 581 1321 603 suo
1347 573 1513 616 sponsula,

903 657 924 688 4
940 655 970 690 b.
1004 656 1089 688 Fusa
1115 667 1211 698 prece
1237 660 1415 699 reviviscit,

1000 705 1076 736 Viso
1100 706 1182 738 miro
1207 707 1386 744 ingemiseit

1045 752 1124 785 Eius
1158 760 1251 794 pater
1275 766 1356 797 prae
1381 757 1511 797 gaudio.

902 841 921 871 5
939 838 968 873 b,
1001 839 1106 871 Urens
1123 839 1251 873 flamma
1266 842 1511 875 circumstantes

997 887 1074 918 Mox
1089 888 1256 928 ambussit,
1278 892 1339 921 vim
1356 897 1509 932 parantes

1045 935 1192 967 Illaesam
1204 937 1284 969 hane
1294 940 1508 978 conspiciunt.

898 1021 918 1052 6
934 1019 963 1052 b.
996 1020 1142 1052 Clemens
1162 1023 1261 1063 virgo,
1286 1029 1317 1055 te
1335 1024 1506 1057 laudantes

994 1068 1036 1100 Ut
1070 1070 1134 1100 sint
1169 1071 1228 1103 tibi
1260 1081 1507 1116 conregnantes,

1040 1116 1099 1148 His
1126 1127 1235 1150 verum
1267 1120 1310 1150 sis
1336 1122 1502 1156 auxilium.

265 1194 347 1220 Miss.
370 1203 421 1221 ηις.
439 1196 621 1223 Voraviense
644 1206 721 1224 saec.
746 1197 788 1225 15
805 1199 874 1225 eod.
889 1200 1050 1228 Voravien.
1070 1199 1116 1229 35.
1135 1219 1171 1222 —
1193 1202 1243 1235 2a
1265 1203 1383 1232 3zelat.
1399 1205 1505 1241 hereo;

186 1234 297 1258 terreus
320 1244 354 1253 =
377 1237 517 1260 terrenus.
542 1248 577 1252 —
599 1232 652 1269 61),
675 1234 693 1262 3
714 1237 770 1263 His
792 1239 870 1264 enim
891 1239 940 1265 sis.

635 1365 682 1395 29.
724 1366 765 1396 De
785 1369 896 1398 sancta
916 1369 1046 1408 Agnete.

210 1444 222 1473 1
241 1452 268 1472 a.
306 1442 440 1474 verbum
460 1443 574 1475 bonum
591 1453 809 1486 personemus,

302 1493 369 1527 Quo
397 1493 529 1530 Agnetis
554 1493 724 1524 adoremus

304 1539 416 1577 litam,
440 1540 533 1570 simul
553 1543 808 1573 commendemus

348 1586 555 1626 Triumphum
583 1590 740 1629 martyiii.

206 1671 224 1703 2
239 1682 266 1704 a,
300 1672 387 1702 Haec
399 1673 472 1703 dum
483 1682 631 1712 sponsum
644 1673 818 1715 refutabat,

304 1721 427 1750 l'aitrein
455 1721 522 1751 eius
548 1722 740 1759 concitabat,

299 1768 348 1797 Atl
378 1772 534 1800 immerita
561 1778 595 1800 se
619 1770 764 1801 armabat

348 1815 426 1845 Fide
452 1815 573 1847 Christi
598 1817 722 1851 melius,

202 1900 265 1932 33.
297 1902 373 1930 (nni
399 1900 439 1932 ab
466 1901 537 1941 igne
562 1911 622 1933 non
645 1908 805 1936 crematur

296 1950 416 1987 Agnes,
443 1948 507 1980 fide
533 1950 624 1989 plebs
648 1951 802 1992 firmatur,

298 1996 384 2034 htux,
411 2001 443 2027 ut
470 1997 541 2036 ipsa
567 1998 755 2041 decollatur,

343 2044 433 2075 Oleli
457 2046 541 2076 subit
568 2047 661 2079 atria.

895 1449 910 1480 1
929 1447 959 1480 b.
991 1449 1080 1481 Haec
1106 1451 1136 1482 in
1162 1450 1242 1485 flore
1267 1454 1383 1493 puerili

989 1497 1149 1530 Christum
1185 1507 1290 1532 mente
1320 1502 1382 1533 iam
1412 1503 1500 1536 virili

988 1545 1102 1576 Colens
1129 1556 1223 1579 sensu
1249 1558 1318 1580 cum
1345 1550 1455 1582 subtili

1037 1593 1177 1626 Palmam
1197 1605 1330 1636 sperans
1351 1600 1498 1638 praemii.

895 1678 914 1709 2
931 1677 960 1710 b.
993 1679 1126 1717 Quando
1152 1686 1240 1713 veste
1266 1684 1435 1724 spoliatur,

985 1728 1081 1758 Crine
1107 1733 1193 1760 tecta
1218 1730 1406 1773 adornatur,

983 1774 1025 1805 Et
1052 1784 1110 1814 per
1135 1785 1203 1808 eam
1231 1779 1405 1811 suscitatur

1032 1823 1109 1854 Mox
1134 1827 1292 1864 praefecti
1319 1828 1414 1862 filius.

889 1908 908 1940 3
926 1906 956 1940 b.
989 1908 1212 1948 Supplicamus
1239 1922 1316 1945 voce
1342 1924 1454 1957 prona,

983 1957 1107 1996 Sponsa
1126 1959 1259 1999 Christi,
1286 1963 1378 1994 nobis
1398 1965 1496 2007 dona,

982 2004 1166 2038 Habeamus
1193 2018 1250 2048 per
1276 2015 1308 2040 te
1336 2011 1418 2061 bona

1030 2054 1177 2087 Paradisi
1203 2058 1332 2097 gaudia.

250 2128 307 2154 Mis
295 2137 331 2154 s
356 2137 406 2156 ms.
428 2129 610 2158 Voraviense
631 2140 706 2159 saec.
731 2131 773 2161 15
803 2134 874 2164 Cod.
895 2137 1052 2166 Voravien.
1074 2137 1120 2167 35.
1150 2158 1185 2161 —
1213 2143 1301 2172 Mel..
1329 2146 1494 2176 Verbum

175 2165 316 2192 bonnm.

592 2263 642 2294 30.
682 2264 724 2294 De
746 2269 855 2297 sancta
876 2267 1067 2308 Adelgunde.

198 2340 214 2372 1
231 2347 261 2374 a.
297 2341 466 2380 xirginalis
489 2342 594 2383 turba,
621 2344 749 2386 plaude,

294 2389 332 2422 Ut
364 2390 510 2422 laudetur
536 2391 632 2431 digna
658 2392 753 2424 laude

337 2439 432 2470 easta
456 2441 641 2483 generatim

883 2347 901 2381 1
918 2347 948 2380 b.
978 2350 1164 2391 Adelgundi
1193 2360 1300 2388 mente
1325 2360 1394 2390 tota

979 2398 1036 2429 Pia
1062 2399 1191 2433 lau-lum
1217 2404 1323 2436 solvat
1349 2412 1423 2439 vota

1026 2446 1144 2480 Nostra
1171 2454 1389 2493 congregatio.
