1655 2713
729 162 993 197 —172—

228 263 289 295 4a.
320 261 436 301 Magus
472 260 655 292 daemonem
681 259 828 302 destinat,
914 258 976 292 4b.
1009 259 1109 300 Virgo
1134 259 1198 292 fide
1224 260 1405 300 roboratur,

372 309 466 348 Virgo
493 308 595 339 crucis
620 307 775 345 bravium,
1059 308 1240 340 Virtutibus
1266 308 1393 349 emicat,

320 356 400 388 Nam
429 356 556 387 delusus
583 356 629 386 sic
656 353 785 386 festinat
1009 355 1124 396 Magus
1148 362 1244 396 pavet
1269 362 1301 388 et
1327 357 1473 395 miratur,

369 404 420 435 Ad
448 403 559 435 salutis
584 403 744 443 gaudium.
1057 403 1200 436 Daemon
1226 405 1390 438 Christum
1426 414 1520 446 prae-

1235 452 1333 486 dicat.

223 530 284 560 53.
317 527 369 558 Fit
397 536 434 559 ex
461 536 552 567 mago
580 527 769 566 Cyprianus,
915 528 976 560 5b.
1010 528 1109 568 Virgo
1136 529 1264 562 Christo
1300 534 1520 567 consecratur,

319 575 368 606 Ex
395 575 506 614 gentili
533 575 726 606 christianus
1009 576 1116 608 Mater
1142 577 1300 616 virginum
1327 582 1466 617 creatur,

369 622 410 653 Et
439 621 588 654 defensor
613 621 699 654 fidei.
1056 624 1191 656 Pudoris
1217 623 1275 657 flos
1301 626 1398 660 nivei.

223 699 283 730 63.
315 697 378 729 Sed
404 698 480 738 quid
507 698 605 730 multa
632 697 795 732 referam?
912 699 976 733 6b.
1007 700 1160 732 Tortores
1186 705 1217 732 et
1243 702 1380 739 vincula,

319 745 479 785 Numquid
507 746 571 786 egit
595 754 765 785 perperam
1006 739 1162 788 Liquo'res
1189 754 1219 780 et
1245 750 1379 789 spicula,

366 794 530 826 Currendo
557 794 741 835 certamina,
1053 796 1199 828 Carceris
1227 797 1437 830 discrimina?

226 869 281 900 7a.
313 869 486 909 Paralytici
513 879 584 900 nam
613 871 673 901 duo
912 872 972 906 7b.
1004 872 1119 911 Surda,
1147 881 1259 905 caecus
1286 878 1315 905 et
1343 874 1485 917 obsessa,

317 916 469 947 Destituti
493 927 586 956 posse
611 927 678 958 suo,
1006 920 1135 952 Cunctis
1170 922 1256 953 salus
1290 927 1337 953 est
1364 931 1515 955 concessa

366 963 501 995 Fluxum
530 974 624 1004 passa
651 968 823 1007 sanguinis,
1051 969 1166 1000 Almae
1191 973 1270 1001 nutu
1299 970 1443 1011 virginis.

223 1039 285 1070 83.
315 1039 367 1070 Ad
394 1040 595 1080 sepulchrum
907 1043 969 1077 8b.
1003 1043 1055 1075 Sic
1080 1045 1113 1076 in
1140 1045 1228 1076 Pado

364 1088 531 1118 tendentes
558 1089 688 1128 virginis
1050 1092 1206 1123 dimersus
1232 1092 1363 1125 flumine

316 1134 392 1165 Tari
417 1134 531 1166 fluctus
1003 1139 1134 1170 Manum
1161 1142 1261 1172 sensit

366 1182 480 1213 terruit
505 1182 654 1219 fluminis,
1050 1188 1212 1219 cuiusdam
1241 1188 1389 1231 feminae,

315 1228 456 1260 Tandem
485 1230 576 1261 huius
999 1235 1067 1273 Qua
1094 1235 1250 1267 deductus

366 1282 497 1315 precatu
524 1278 659 1309 numinis
1048 1287 1136 1313 tanto
1165 1283 1351 1316 discrimine

411 1325 524 1356 Portus
550 1331 772 1365 praeparatur.
1095 1330 1196 1362 Sociis
1223 1332 1371 1365 donatur.

220 1400 280 1432 9a.
312 1400 348 1431 In
373 1400 431 1431 hae
457 1410 532 1441 ergo
557 1402 765 1434 iucundemur
904 1405 965 1438 9b.
998 1405 1039 1437 Ut
1075 1406 1134 1438 hac
1163 1408 1254 1439 nobis
1281 1409 1320 1440 sit
1348 1410 1508 1449 misertus,

313 1447 355 1478 Et
381 1449 539 1480 excelsum
565 1450 782 1491 deprecemur,
998 1454 1057 1492 Qui
1082 1464 1141 1494 pro
1167 1455 1258 1487 nobis
1285 1461 1331 1488 est
1357 1462 1509 1497 expertus

363 1495 419 1526 Cui
446 1496 487 1526 sit
512 1496 592 1536 lam,
619 1498 730 1537 gloria,
1045 1501 1124 1533 Dira
1150 1504 1260 1534 mortis
1287 1505 1404 1539 taedia.

269 1569 427 1596 Collectan.
460 1580 511 1598 ms.
542 1572 743 1610 Placentinum
775 1582 850 1601 saec.
885 1573 956 1602 ¹²s'1a.
986 1577 1056 1603 Cod.
1084 1577 1178 1613 Capit.
1205 1579 1368 1607 Placentin>
1397 1579 1444 1608 65.
1473 1596 1510 1601 —

192 1607 248 1634 Mit
268 1608 405 1635 Melodie.
427 1623 462 1627 —
487 1609 542 1642 93,
565 1609 582 1636 3
603 1610 667 1637 laus
689 1615 726 1638 et.
748 1628 783 1631 —
804 1613 953 1640 Abschrift
975 1623 1032 1641 von
1053 1616 1124 1643 Rev.
1147 1617 1185 1643 H.
1206 1617 1245 1644 M.
1269 1619 1436 1647 Bannister.

591 1751 649 1782 187.
691 1751 732 1782 De
753 1759 778 1782 s.
800 1751 882 1784 lusto
904 1752 1114 1794 Lugdunensi.

216 1836 275 1868 13.
308 1837 420 1870 Lauda
447 1840 568 1871 Iustum
594 1839 816 1879 confessorem,
905 1843 964 1877 lb.
997 1845 1129 1878 Necnon
1154 1849 1255 1880 omnis
1282 1851 1419 1883 ecclesia

310 1884 441 1925 Tutum,
470 1886 567 1918 fidum
592 1892 815 1928 protectorem,
998 1893 1077 1925 lusti
1103 1901 1227 1935 promat
1254 1900 1424 1938 magnalia.

358 1934 580 1974 Lugdunensis
606 1936 738 1975 civitas3
1042 1942 1139 1980 Quem
1166 1945 1272 1977 attolit
1298 1949 1462 1983 sanctitas.

213 2009 273 2041 2a.
306 2009 486 2042 Generosus
512 2021 531 2043 a
556 2013 695 2055 proaviS,
900 2016 961 2049 2b.
994 2017 1102 2050 Genus
1128 2029 1216 2052 suum
1243 2031 1305 2054 non
1330 2023 1478 2058 obfuscat

306 2057 403 2089 Pater
429 2067 533 2090 comes
558 2060 742 2100 Andegavis
994 2065 1073 2097 Eius
1099 2067 1174 2110 vita,
1201 2070 1258 2101 sed
1285 2078 1431 2105 coruscat

353 2106 431 2137 Iusti
457 2106 517 2138 fuit
543 2109 711 2147 praesulis.
1042 2114 1188 2147 Moribus
1213 2122 1243 2148 et
1270 2119 1378 2152 titulis.

207 2182 266 2214 3a.
303 2182 398 2214 Alter
431 2183 578 2217 Christus
615 2185 807 2225 baptismate
892 2188 953 2221 3b.
986 2190 1036 2222 Ab
1063 2191 1122 2223 hoc
1147 2192 1253 2225 infans
1278 2195 1469 2239 illustratus,

300 2229 546 2264 Demonstratur
569 2242 588 2264 3
614 2239 783 2273 pneumate
991 2240 1019 2270 A
1047 2249 1107 2279 quo
1134 2239 1194 2272 fuit
1220 2249 1401 2283 generatus,

349 2278 413 2310 Sub
440 2280 604 2312 columbae
631 2280 777 2316 formula.
1036 2287 1159 2328 Lingua
1193 2289 1316 2330 profert
1351 2296 1498 2334 parvula.

206 2354 268 2387 43.
299 2354 324 2387 Ο
352 2356 476 2388 novitas
503 2359 736 2397 praemaxima!
895 2361 959 2396 4b.
994 2364 1200 2406 „Andegavis
1227 2377 1332 2401 comes
1358 2377 1452 2412 pater

301 2402 404 2435 Natus
430 2403 535 2437 infans
563 2406 614 2437 die
641 2407 745 2447 prima
989 2411 1082 2443 Meus
1108 2418 1175 2455 est,
1210 2420 1240 2448 et
1266 2427 1348 2451 uxor
1372 2422 1495 2456 mater“

350 2452 476 2484 Patrem
503 2463 593 2485 suum
619 2455 758 2488 indicat:
1039 2460 1161 2501 Populo
1186 2464 1340 2501 notificat.
