1655 2713
764 160 1022 196 -158—

255 258 273 286 ὅ
287 264 315 287 a.
346 255 388 287 Et
414 255 551 288 Domino
577 258 675 288 iuncti
941 259 1003 292 3b.
1036 260 1101 294 Ubi
1127 270 1198 294 cum
1222 262 1316 296 beata

351 303 599 335 dominabuntur
625 305 750 344 populis
1036 309 1140 348 gloria
1166 319 1249 343 nova
1274 311 1413 344 Lomvfno

348 355 379 381 et
405 359 502 390 regna
527 352 701 383 ascendent
1038 361 1159 389 canunt
1185 359 1311 391 cantica
1338 358 1421 392 festa

346 407 483 436 superna
511 408 580 430 cum
1038 405 1239 438 celebrantes

347 446 501 477 victoriae
526 447 643 485 palma,
1037 453 1241 488 immortalia.

251 532 312 561 4a.
344 531 450 570 Atque
477 540 545 563 eum
573 533 618 563 eis
644 533 676 564 in
703 543 782 573 pace
942 537 1003 571 4b.
1037 538 1176 577 Quorum
1203 549 1300 582 prece
1324 541 1417 574 nobis
1443 542 1548 582 ipsum

346 579 492 617 regnabit
517 580 644 611 illorum
671 591 727 613 rex
1035 595 1182 626 rogamus
1209 597 1278 620 esse
1303 589 1401 631 pium,

345 626 377 657 iu
404 630 534 659 aeterna
1035 638 1068 664 ut
1095 644 1247 674 queamus

345 673 414 704 luce
442 674 563 706 donans
589 677 635 707 eis
1035 682 1186 714 caelicum
1215 693 1285 716 cum
1311 685 1357 716 eis

343 730 483 760 perenne
509 731 638 757 senum.
1034 730 1190 763 scandere
1216 741 1349 773 regnum

593 812 623 843 5.
653 810 802 842 Gaudere
829 816 860 844 et
886 813 917 844 in
945 819 1120 848 aeternum.

303 891 409 925 llynin.
433 896 459 919 et
482 894 597 920 Prusm:
621 904 672 921 ms.
696 895 890 924 Laudunense
913 908 989 926 saec.
1015 899 1056 926 12.
1080 902 1149 928 eod.
1172 903 1346 931 Laudnuen.
1368 903 1433 932 2133.
1456 906 1490 932 A.
1510 920 1545 924 —-

226 929 308 954 Miss.
330 929 525 957 Lauduueuse
547 934 615 968 imp.
637 934 761 961 Parisiis
787 934 866 962 1491.
891 938 922 963 B.
946 952 980 956 —
1000 939 1084 966 Miss.
1106 940 1304 969 Laudunense
1325 944 1395 978 imp,
1417 943 1543 971 Parisiis

231 965 313 992 1557.
335 969 365 994 C.
387 982 423 985 -—
446 967 506 1001 23,
538 970 549 996 1
581 971 617 997 ist
647 974 698 998 mit
730 973 758 1005 l,
787 972 804 1000 3
825 983 861 1000 zu
882 976 964 1002 einer
986 976 1111 1012 strophe
1132 981 1278 1015 vereinigt
1301 982 1358 1008 BC.
1381 996 1416 1000 —
1438 981 1502 1014 2η,
1527 982 1545 1008 3

228 1007 324 1031 turma
345 1006 402 1032 ΒΟ.
426 1021 458 1024 —
482 1006 536 1036 fla.
558 1007 576 1035 4
598 1011 717 1037 saecula
739 1012 796 1038 AC.
824 1027 857 1030 —
873 1011 929 1045 21»,
951 1014 968 1041 3
989 1024 1023 1041 ac
1045 1017 1129 1043 ΑΒΕ.
1145 1031 1181 1035 -
1195 1017 1252 1049 3b.
1275 1017 1293 1045 2
1314 1020 1377 1046 Deo
1398 1020 1487 1052 AB&
1508 1035 1545 1038 —

227 1042 289 1074 Hb,
316 1041 333 1069 2
362 1052 403 1078 sq.
430 1054 505 1072 nova
533 1052 640 1073 canunt
672 1049 732 1075 Des·
755 1050 812 1077 Bc.
834 1065 871 1068 —
892 1052 1013 1079 Betreffs
1034 1055 1075 1085 A,
1103 1064 1156 1082 aus
1184 1057 1310 1084 welcher
1331 1059 1435 1091 Quelle
1463 1063 1545 1086 sonst

227 1079 317 1106 sehon
342 1082 433 1108 vieles
456 1084 499 1109 fiir
520 1093 624 1111 unsere
640 1087 781 1114 Analecta
803 1089 955 1124 geschfjpft
972 1092 1077 1123 wurdc,
1099 1102 1160 1120 war
1174 1094 1221 1121 ich
1236 1095 1283 1122 bei
1299 1095 1394 1123 dieser
1409 1100 1544 1132 Sequeuz

228 1118 319 1145 leider
341 1121 439 1155 einzig
459 1122 511 1148 auf
528 1122 584 1149 den
605 1132 663 1150 von
679 1126 725 1151 I'l.
743 1126 898 1154 chevalier
911 1129 1076 1158 (CHdiuaire
1099 1131 1134 1158 de
1148 1132 1240 1159 Laon.
1259 1132 1341 1160 1897.
1356 1144 1383 1170 p.
1398 1136 1544 1169 XXXIII)

229 1157 423 1190 publizierten
437 1159 511 1186 Text
533 1163 724 1195 augewiesen.
760 1165 835 1191 Jene
852 1166 1045 1194 Handschrift
1065 1169 1177 1196 enthiilt
1198 1172 1327 1198 niimlich
1349 1173 1423 1200 auch
1439 1174 1543 1200 durch—

229 1203 291 1229 weg
311 1195 358 1222 die
379 1196 535 1229 Melodien,
558 1200 614 1225 und
639 1208 671 1226 so
693 1202 769 1228 wi‘ire
791 1212 821 1229 es
844 1205 971 1238 ruoglich
991 1215 1133 1239 geues-en,
1156 1210 1220 1235 eine
1242 1210 1354 1238 sichere
1376 1212 1542 1239 Handhabe

228 1233 274 1257 fiir
295 1232 341 1259 die
355 1234 516 1271 Abteilung
537 1237 587 1263 der
609 1239 760 1266 einzelnen
776 1241 916 1268 Clau-selu
937 1252 974 1270 zu
996 1246 1160 1279 gewinneu,
1185 1247 1292 1275 welche
1309 1249 1383 1283 jetzt
1404 1250 1542 1277 unsicliei·

228 1270 329 1297 bleibt.
350 1286 385 1290 —
409 1273 503 1300 lVenu
526 1275 682 1302 chevalier
710 1278 726 1303 l.
754 1288 777 1305 c.
805 1280 884 1307 diese
906 1281 995 1308 Prosa
1024 1283 1068 1309 als
1099 1293 1246 1317 „versus
1274 1286 1309 1313 de
1330 1287 1359 1313 la
1381 1287 1541 1324 sequence:

228 1309 307 1334 Laus
328 1310 382 1335 tibi
405 1311 524 1338 Chris&
547 1314 731 1343 bezeiclnuet„
754 1317 826 1343 wird
850 1327 881 1344 er
902 1320 949 1345 bei
971 1320 1026 1347 den
1045 1322 1277 1357 Fachgelehrten
1298 1325 1471 1353 sehwerlich
1487 1327 1543 1354 Zu-

228 1348 387 1383 stimmung
408 1349 512 1377 finden.
547 1352 602 1378 Die
619 1353 705 1379 Notiz
728 1354 779 1381 der
799 1356 816 1381 2³,
836 1357 974 1390 Quellen:
999 1360 1080 1392 „Non
1103 1361 1211 1387 dicitur
1226 1362 1399 1391 Alleluia
1422 1366 1452 1391 in
1469 1366 1541 1392 festo

227 1381 441 1418 [Innocentium
451 1386 464 1421 l,
480 1388 530 1414 sed
540 1389 632 1416 Prusa
645 1391 693 1418 La
703 1392 768 1419 ude
784 1395 859 1428 piis
869 1404 881 1421 s
893 1396 900 1421 i
911 1405 935 1421 m
945 1397 978 1422 κ’·
991 1397 1048 1429 BC,
1065 1399 1140 1431 und„
1155 1401 1220 1426 Non
1233 1401 1340 1428 dicitur
1353 1403 1523 1431 Alleluia
1535 1425 1541 1437 ‚

226 1422 276 1449 sed
304 1423 368 1449 loco
396 1426 458 1452 eius
486 1431 603 1454 cantant
630 1430 732 1456 Laud
743 1440 757 1457 ο
785 1433 978 1466 piissi1na“
1011 1436 1035 1461 A
1064 1451 1099 1454 —
1121 1437 1189 1464 lfisst
1218 1448 1254 1465 an
1283 1440 1418 1468 Klarheit
1445 1442 1542 1469 nichts

225 1469 259 1486 211
282 1462 448 1490 wiinselnen.

667 1575 718 1605 171.
761 1576 802 1607 De
823 1580 929 1609 sancto
950 1579 1096 1611 Inachim.

490 1667 520 1698 1.
548 1667 572 1699 O
600 1668 671 1699 Iesu
697 1670 836 1713 Christe,
863 1673 905 1704 ad
931 1675 1033 1706 sancti
1061 1677 1212 1720 Ioachim‚
1240 1680 1342 1719 patris

548 1715 636 1747 Tuae
660 1718 773 1749 matris

550 1763 680 1806 Mariae,
708 1766 760 1797 avi
786 1767 831 1798 tui
858 1765 940 1800 festa

546 1810 652 1843 Corda
682 1817 791 1845 nostra
816 1824 835 1846 a
860 1818 1002 1854 peccatis
1028 1821 1147 1853 munda
1172 1828 1313 1861 praesta.

487 1896 517 1928 2.
544 1895 569 1927 O
597 1897 679 1937 Iesu,
704 1899 755 1930 avi
781 1900 828 1931 tui
851 1904 1034 1940 precamine

545 1944 701 1977 Miserere
728 1947 818 1978 nobis
842 1951 954 1981 mortis
982 1956 1112 1985 nostrae
1137 1955 1170 1986 in
1197 1959 1353 1994 examine.

485 2029 515 2060 3.
545 2029 570 2061 Ο
598 2030 706 2063 cluens
734 2034 930 2075 patriarcha,

543 2078 573 2108 A
601 2087 662 2117 quo
686 2082 844 2119 processit
869 2084 943 2114 novi
969 2088 1151 2120 testamenti
1176 2091 1275 2124 archa

545 2125 696 2158 Baiulans
722 2137 837 2161 manna
865 2131 1002 2164 caeleste

545 2172 643 2205 Sacra
669 2176 828 2216 scriptura
855 2182 946 2212 teste.

484 2259 516 2290 4.
543 2259 569 2292 Ο
593 2264 702 2292 sancte
730 2262 881 2306 loachim‚

590 2309 772 2348 prosapiam
799 2312 1000 2352 antiquorum
1026 2320 1154 2356 patrum
1181 2319 1374 2366 laetificasti,

540 2355 674 2395 Quando
699 2357 854 2398 virginem
881 2361 1029 2405 Mariam,
1057 2364 1119 2397 Dei
1144 2371 1279 2400 matrem

590 2403 685 2436 etiam
711 2406 779 2437 sine
804 2409 929 2447 peccati
954 2413 1078 2445 macula

586 2460 625 2483 ex
649 2458 761 2486 saneta
785 2456 882 2488 Anna
906 2461 1077 2498 generasti.
