1655 2713
708 152 969 187 —120—

202 242 262 276 7a.
295 243 410 276 Pastor
436 244 488 276 hic
512 246 613 277 almus
895 248 956 282 7b.
988 250 1160 282 Servorum
1187 250 1308 283 Christi

296 292 396 323 multa
421 293 540 324 virtute
566 298 595 325 et
988 306 1079 329 sacra
1105 298 1270 331 roboravit

297 339 444 372 doctrina
988 349 1129 386 pectora.

197 434 259 465 Sa.
291 435 433 467 Plurima
459 436 586 475 quidem
891 440 954 474 8b.
987 441 1049 472 Per
1073 451 1154 481 quae
1181 443 1352 475 multorum

296 482 420 522 Eligius
448 485 575 523 praesul
985 490 1055 522 Deo
1080 490 1242 522 adnuente

294 530 324 560 in
352 531 445 569 plebe
473 530 547 562 fecit
575 533 737 573 miracula,
984 537 1026 569 ad
1054 538 1151 569 vitam
1179 539 1336 570 convertit
1360 539 1494 573 animas.

197 624 259 656 9a.
292 625 317 656 Ο
344 624 421 657 felix
448 628 587 665 praesul,
885 631 946 664 9b.
980 632 1062 664 Vere
1086 633 1208 675 beatus,

294 673 343 703 cui
368 678 415 705 tot
443 680 474 706 et
500 679 588 707 tanta
979 681 1028 711 cui
1055 681 1240 723 angelorum

291 720 376 751 Deus
402 723 557 754 concessit
977 737 1105 768 semper
1130 730 1253 761 assistit

294 766 400 799 facere
426 770 601 801 mirabilia!
980 777 1156 808 consolatio
1182 777 1337 818 benigna!

172 861 215 893 10
227 870 254 893 a.
287 862 389 894 Huius
415 873 470 896 nos
497 866 655 904 precibus,
859 870 900 901 10
914 869 942 902 b.
974 871 1052 903 Cum
1080 873 1280 905 iudicaturus

289 910 440 952 salvator,
468 921 639 952 conserva3
974 920 1099 951 veneris
1125 922 1264 957 saecula,

641 1010 693 1043 11.
723 1011 876 1043 Perennis
904 1014 986 1044 vitae

722 1058 761 1089 da
788 1059 879 1091 nobis
906 1062 1022 1100 gaudia

718 1107 750 1137 in
778 1108 937 1139 caelorum
963 1110 1075 1149 gloria.

242 1193 325 1219 Miss.
348 1204 399 1221 ms,
421 1194 618 1224 Noviorum-e
640 1207 715 1225 saec.
739 1198 810 1228 ¹⁴45.
836 1202 905 1229 Cod.
924 1202 1111 1230 Abhavillen.
1135 1203 1160 1230 7.
1176 1205 1209 1230 Α.
1226 1221 1260 1224 -
1276 1207 1359 1232 Miss.
1376 1204 1484 1233 Novio-

166 1239 263 1256 mense
289 1232 358 1267 imp.
380 1234 555 1269 [rothomagi
593 1235 673 1263 1506.
695 1238 727 1263 B.
752 1251 786 1256 —
811 1238 874 1271 21),
904 1239 916 1266 1
939 1240 1059 1268 dextera
1080 1243 1113 1269 B.
1135 1257 1171 1260 —
1195 1243 1276 1270 Nach
1299 1244 1355 1270 Str.
1378 1242 1423 1271 7b
1447 1246 1484 1271 ist

165 1268 317 1295 nochmals
339 1272 568 1306 eingeschoben:
592 1275 695 1305 „Vitae
716 1277 800 1303 nobis
821 1278 946 1313 gaudia.
971 1279 1052 1313 Eligi
1075 1284 1165 1315 pater.
1189 1280 1342 1316 inipetra“.
1364 1283 1424 1309 ΑΒ.
1447 1299 1483 1302 —

166 1304 221 1336 91),
243 1305 261 1333 3
283 1316 396 1343 semper
410 1313 533 1337 accessit
549 1313 570 1337 Β
596 1326 631 1330 —
645 1313 772 1340 Melodie
788 1316 917 1342 offenbar
936 1318 1099 1349 „Pascha
1121 1319 1312 1351 nostrum“v
1331 1321 1389 1347 und
1404 1320 1483 1347 dem-

165 1344 240 1370 nach
261 1353 335 1379 ganz
357 1347 409 1373 das
431 1349 545 1383 gleiche
567 1350 699 1383 Schema,
720 1354 774 1378 wie
796 1355 826 1380 in
847 1354 898 1380 der
919 1356 1131 1392 Ostersequenz
1155 1358 1355 1388 „concinat
1378 1359 1482 1386 orbis

164 1383 337 1409 cunctus“
360 1385 455 1415 (Anal.
479 1388 540 1417 XL,
562 1389 612 1415 Nr.
635 1387 689 1423 21;
712 1391 761 1416 cfr.
783 1391 890 1418 ibidem
913 1393 962 1419 Nr.
984 1391 1039 1424 28).
1075 1395 1196 1422 Danach
1212 1397 1251 1422 ist
1266 1397 1341 1429 klar,
1364 1398 1418 1424 wie
1433 1398 1481 1424 die

165 1420 298 1455 Sequenz
319 1423 477 1457 ausgebaut
500 1426 555 1451 und
580 1428 633 1453 wie
655 1429 697 1454 sie
721 1429 888 1457 abzuteilen
910 1432 962 1461 ist:
984 1441 1057 1467 ganz
1081 1434 1205 1460 ver-fehlt
1227 1435 1265 1460 ist
1280 1435 1416 1462 letzteres
1434 1436 1480 1462 hei

163 1458 395 1491 Misset-Wealo‚
417 1463 501 1489 Anai.
524 1464 636 1499 Liturg.
658 1466 695 1497 11,
718 1467 767 1493 Nr.
789 1465 854 1494 822.

610 1624 669 1655 125.
711 1626 751 1656 De
773 1630 880 1659 sancto
903 1629 1019 1669 Eligio.

186 1718 243 1750 la.
277 1718 485 1752 Laudabilem
848 1727 906 1760 11».
938 1730 1123 1761 Antistitem

276 1767 378 1798 virum
405 1769 584 1803 adoremus.
940 1776 1083 1809 inclitum
1111 1779 1164 1818 qui
1191 1778 1267 1810 fecit

276 1815 453 1853 speciosum
481 1827 558 1856 prae
941 1833 977 1855 ex
1007 1824 1100 1858 fabro
1125 1827 1225 1858 mirae

276 1863 406 1894 cunctis⁴
424 1865 518 1903 natis,
939 1874 1130 1907 sanctitatis,

181 1957 241 1988 2a.
274 1956 370 1989 Cuius
397 1958 472 1991 felix
499 1961 696 2005 aurificium3
841 1966 904 1999 2b.
936 1968 1008 2000 Eia.
1036 1971 1163 2008 praesul
1190 1973 1318 2012 munde,
1348 1973 1446 2006 funde

277 2005 358 2037 Nam
385 2010 485 2038 totum
511 2009 672 2045 solarium.
936 2015 1475 2062 Precaminaprotuagente‚mente

274 2053 365 2091 Quod
391 2056 526 2095 acquirit
545 2066 604 2096 per
621 2059 781 2101 malleum,
938 2064 1025 2103 Quae
1052 2066 1167 2105 plorat.
1194 2073 1275 2111 orat,

275 2101 414 2141 Reponit
452 2103 482 2134 in
519 2106 781 2146 gazophylacium
936 2113 1017 2152 Quia
1038 2114 1138 2146 multa
1164 2116 1263 2148 stulta

272 2148 335 2180 Per
360 2159 470 2182 manus
495 2152 688 2192 degentium.
937 2160 1122 2200 Commisit;
1149 2166 1181 2194 te
1206 2164 1392 2197 invocamus

983 2208 1136 2249 Eligium.

173 2292 232 2324 321.
269 2293 328 2332 Qui
360 2295 400 2326 de
425 2304 570 2328 maerore
596 2298 638 2329 ad
663 2299 781 2338 gaudia
843 2302 906 2336 3b.
937 2303 1001 2336 Ubi
1029 2305 1142 2346 virtuS,
1169 2306 1282 2347 honor,
1309 2310 1406 2352 salus,

269 2340 311 2372 Et
338 2342 378 2374 de
403 2342 514 2376 labore
540 2345 582 2376 ad
610 2347 750 2385 praemia
935 2351 999 2384 Ubi
1036 2361 1166 2386 consors
1200 2356 1308 2388 nullus
1334 2359 1448 2394 malus,

269 2388 374 2421 Hodie
400 2392 575 2424 translatus
600 2402 633 2425 es
934 2399 999 2432 Ubi
1025 2405 1134 2433 coetus
1161 2412 1289 2444 semper
1315 2406 1418 2439 laetus

313 2437 473 2472 Caelestia
486 2452 494 2476 ;
983 2449 1058 2480 Sine
1084 2451 1232 2484 molestia
1243 2463 1250 2493 ;
