1655 2713
241 418 298 451 la.

238 619 297 650 2a.

235 819 296 851 aa.

238 1019 297 1050 4a.

241 1220 300 1249 5a.

237 1417 296 1448 6a.

237 1616 293 1647 7a.

236 1816 297 1849 82.

230 2017 290 2051 9a.

741 149 1004 185 -270—

486 304 555 335 304.
599 303 633 334 lu
660 300 879 333 Translationo
901 309 925 332 s.
947 300 1081 332 'rhomae
1104 299 1283 340 Aquinatis.

331 417 367 448 In
394 414 553 455 praesenti
580 413 720 445 incolatu

334 464 430 495 Festa
456 463 595 494 Thomae
630 470 699 492 cum
728 463 844 492 conatu

382 511 529 543 Celebret
553 509 696 543 ecclesia.

330 617 429 648 Cuius
454 620 542 648 ortus
569 615 793 655 prophetatur,

335 664 435 696 Matri
461 673 536 695 suae
563 664 636 695 dum
663 661 792 694 adfatur

381 713 485 744 Homo
512 712 625 752 plenus
651 711 785 751 spiritu:

327 817 379 849 Ab
403 817 515 848 ordine
541 817 666 856 rapitur

332 866 374 897 Et
400 865 432 896 in
458 865 537 896 turri
564 865 694 904 ponitur

381 912 496 952 Sicque
521 912 711 952 captivatur,

329 1016 403 1058 Sed,
431 1025 500 1048 cum
527 1017 608 1056 ignis
635 1017 746 1048 titione

332 1064 464 1095 Necnon
491 1064 572 1095 bona
599 1065 721 1096 ratione

381 1111 540 1151 Effugavit
568 1110 725 1152 feminam,

332 1216 383 1248 Ab
410 1217 522 1256 angelo
549 1217 731 1248 consolatur

333 1264 375 1296 Et
411 1273 479 1295 cum
514 1265 595 1295 stola
626 1264 842 1295 circumdatur

382 1312 548 1343 Exsistens
574 1312 605 1342 in
633 1320 779 1353 carcere3

329 1416 453 1455 Petrus,
481 1416 595 1448 Paulus
623 1417 762 1455 veniunt,

333 1463 531 1494 Intellectum
557 1462 726 1495 conferunt

378 1511 518 1542 Thomae
544 1511 715 1545 dubitanti.

327 1615 425 1647 Nullo
450 1626 582 1656 prorsus
608 1616 794 1650 fulcimento

329 1663 540 1705 Sustentatus,
567 1665 720 1705 elevatus,

379 1711 510 1744 Sursum
536 1717 623 1744 stans
649 1713 682 1744 in
707 1722 790 1745 aere.

330 1816 371 1847 Et
400 1817 578 1849 mercedem
603 1818 823 1860 promittebat,

328 1864 427 1902 Quam
453 1865 493 1896 ab
518 1866 588 1905 ipso
615 1866 807 1906 deposcebat

380 1912 441 1944 Pro
467 1913 585 1945 laboris
611 1913 764 1954 praemio.

323 2017 450 2049 Laudes
476 2027 551 2058 ergo
578 2018 784 2050 decantemus

324 2066 360 2097 In
388 2065 447 2097 hac
473 2067 535 2108 die,
562 2066 731 2098 iubilemus

375 2111 462 2145 Voce
488 2115 601 2155 plena;

206 2218 248 2250 10
259 2227 287 2250 a.
320 2218 412 2250 Nunc
437 2229 512 2260 ergo
538 2229 595 2252 nos
613 2221 828 2263 emendemus,

322 2266 472 2299 Sanctum
482 2269 635 2301 Thomam
646 2269 829 2302 invocemus

372 2316 470 2348 Prece
496 2325 623 2357 semper
647 2317 769 2359 sedula,

927 410 988 444 lb.
1021 410 1188 443 Gloriosus
1213 410 1266 442 hic
1292 414 1340 442 est
1366 412 1444 442 natu

1023 459 1065 491 Et
1092 458 1251 490 excedens
1279 458 1449 490 doctoratu

1072 507 1259 547 Scripturae
1281 505 1410 540 facetia.

931 613 993 646 2b.
1024 613 1098 646 Erit
1123 612 1225 645 frater
1249 613 1465 653 praedicator,

1030 661 1186 693 Veritatis
1211 661 1382 701 indagator

1075 710 1138 742 Pro
1163 709 1266 741 salute
1294 709 1416 749 populi.

923 815 985 848 3b.
1016 816 1081 847 Per
1106 816 1232 854 puellae
1258 815 1398 855 speciem

1021 863 1099 894 Eius
1124 864 1339 895 innocentiam

1068 911 1214 943 Turbare
1240 916 1406 944 conantur.

923 1015 987 1050 4b,
1018 1016 1140 1048 Humili
1166 1018 1381 1057 prostratione

1018 1064 1061 1095 Et
1087 1074 1205 1105 magna
1232 1065 1401 1097 devotione

1068 1113 1153 1145 Petit
1180 1113 1420 1145 continentiam.

925 1220 943 1250 5
959 1217 988 1248 b.
1021 1217 1136 1257 Sicquc
1150 1217 1291 1249 Thomas
1307 1222 1536 1257 praeservatur

1021 1265 1090 1296 Nec
1117 1266 1150 1296 in
1177 1274 1271 1296 carne
1297 1266 1477 1298 maculatur

1065 1314 1095 1344 A
1122 1312 1247 1345 funesto
1273 1314 1403 1347 scelere.

919 1416 982 1449 fib.
1014 1417 1039 1450 Ο
1065 1427 1159 1457 quam
1185 1419 1290 1459 magni
1316 1421 1432 1463 meriti,

1020 1466 1077 1497 Cui
1104 1466 1189 1497 cives
1215 1467 1327 1499 caelici

1065 1513 1160 1545 Tales
1186 1519 1292 1546 astant
1317 1517 1440 1548 sancti!

927 1618 987 1652 7b.
1021 1619 1199 1652 Crucifixus
1226 1622 1481 1663 commendabat,

1020 1667 1110 1706 Quod
1139 1668 1178 1700 de
1203 1669 1274 1708 ipso
1300 1670 1505 1710 scriptitabat

1068 1716 1147 1747 Tam
1174 1721 1308 1749 venusto
1333 1718 1507 1759 schemate,

925 1819 989 1853 8b.
1021 1819 1076 1851 Nil
1103 1822 1223 1853 terreni
1249 1823 1473 1866 praeoptabat,

1022 1869 1129 1901 Solum
1165 1869 1326 1902 Christum
1361 1870 1532 1904 affectabat

1065 1916 1194 1948 Habere
1219 1927 1279 1959 pro
1303 1919 1430 1959 gaudio,

921 2021 984 2054 9b.
1017 2021 1138 2053 Psallat
1164 2027 1266 2055 mater
1290 2024 1426 2057 ecclesia

1021 2069 1083 2102 Pro
1110 2070 1251 2102 doctoris
1277 2073 1413 2105 scientia

1064 2118 1143 2150 Tam
1170 2129 1312 2152 amoena.

891 2223 933 2256 10
945 2223 974 2255 b.
1008 2224 1053 2257 Ut
1062 2225 1135 2257 Iesu
1145 2225 1276 2259 Christo
1289 2236 1530 2270 conregnemus,

1014 2273 1068 2305 Ad
1095 2274 1253 2314 promissa
1279 2277 1460 2316 aspiremus

1062 2321 1268 2363 Sempiterna
1294 2325 1422 2366 gaudia.

277 2420 416 2455 Sequent.
446 2430 498 2448 ms.
525 2421 770 2450 Praedicator-uni
792 2432 867 2451 saec.
891 2423 935 2453 15.
959 2426 1029 2454 Cod.
1052 2427 1081 2454 S.
1104 2428 1213 2464 Ignatii
1234 2430 1452 2460 Noviomaoen.
1482 2432 1530 2462 55.

202 2473 234 2476 —
257 2456 309 2491 4a,
331 2457 349 2485 3
367 2458 530 2496 Effugatur.
552 2475 588 2479 —
609 2458 662 2493 912,
684 2459 702 2488 2
723 2463 877 2497 sapientia.
899 2465 1033 2493 —Mel.:
1056 2466 1097 2493 In
1117 2468 1278 2496 caelesti
1294 2457 1528 2502 hierss'rchia.
