1655 2713
660 167 923 203 —161—

147 255 210 288 93.
239 256 300 296 Qui
331 265 350 288 a
375 258 495 291 mundo
521 270 555 293 se
580 263 758 305 mundavit,
843 264 906 298 9b.
938 265 1006 297 Nec
1030 274 1090 306 pro
1113 265 1242 299 Christo
1268 269 1387 308 renuit,

241 303 363 344 Regem
389 307 500 339 mundi
523 311 661 343 mundus
679 311 759 344 lavit
939 313 1076 354 Tingere
1102 322 1194 354 quem
1221 316 1349 353 meruit,

291 353 327 384 ln
355 353 504 387 Iordanis
530 356 669 401 flumine,
987 361 1049 393 Suo
1075 362 1154 402 tingi
1180 364 1344 403 sanguine.

117 453 200 486 loa.
237 454 358 488 Gentes
384 466 455 491 eum
482 469 552 492 esse
578 462 681 494 Deum
816 464 859 497 10
870 464 900 497 b.
933 465 1032 504 Quem
1058 470 1213 506 tyrannus
1237 469 1291 500 ille
1311 479 1443 510 magnus

234 503 462 545 erediderunt.
485 517 579 548 quem
601 511 753 543 viderunt
933 512 1175 549 Contemnebat.
1201 518 1257 548 sed
1285 518 1419 551 timebat

283 552 367 585 Esse
394 555 504 587 mundi
530 557 725 598 lampadem.
982 562 1120 602 Propter
1146 564 1377 600 Herodiadem.

114 655 198 689 lla.
229 656 419 691 Sanctitatis
445 659 541 694 homo
567 664 668 696 mirae
812 666 852 699 11
867 666 896 701 b,
928 667 1008 699 Inde
1036 669 1124 700 locus
1152 668 1211 701 fuit
1236 672 1316 707 ime,

233 705 314 747 Regi
342 708 454 740 nolens
481 712 664 744 consentire
927 716 1045 756 Regem
1074 715 1149 748 fecit
1176 719 1362 761 obsaevire3

231 753 433 799 Corrigebat,
461 767 553 798 quem
580 759 690 792 redire
928 763 1081 796 Sanctum
1116 767 1239 807 sprevit
1274 773 1305 799 et
1336 771 1444 809 perire

280 802 389 835 Voluit
414 814 433 836 a
459 807 591 841 scelere.
975 812 1103 854 Maluit,
1131 824 1225 854 quam
1253 818 1395 850 credere.

109 906 152 938 12
163 915 193 939 a.
225 907 370 947 Quadam
399 909 451 941 die
476 911 582 943 cultor
608 913 684 945 mali
805 915 847 948 12
859 915 889 949 b.
924 918 1075 950 Veritatis
1103 929 1220 959 praeco
1247 921 1357 960 bonus,

226 954 290 987 Suo
315 957 434 996 gaudet
461 958 493 990 in
520 960 638 999 natali;
921 967 1020 1005 Quem
1046 969 1189 1008 suscepit
1208 969 1266 1000 Dei
1292 971 1438 1010 thronus,

274 1004 357 1036 Dum
385 1006 492 1038 natale
518 1008 712 1048 celebratur,
971 1014 1109 1047 Mortem
1136 1017 1222 1048 subit
1246 1020 1432 1059 pretiosam,

275 1053 500 1086 praecursoris
527 1060 622 1096 caput
643 1057 739 1090 datur
973 1062 1171 1102 Decollatur‚
1200 1070 1229 1096 et
1256 1067 1288 1098 in
1316 1076 1420 1099 rosam

322 1101 487 1134 Saltatrici
514 1106 703 1143 praemium.
1019 1112 1240 1145 Commutatur
1266 1115 1379 1147 lilium.

447 1210 500 1243 13.
531 1211 652 1243 Praeco
679 1212 776 1253 bone,
804 1224 922 1254 praeco
949 1217 1081 1256 Christi,

527 1259 625 1298 Quem
654 1264 782 1293 secutus
809 1265 1028 1303 praecessisti,

528 1308 577 1339 Tu
602 1318 663 1348 pro
690 1310 783 1342 nobis
807 1311 991 1345 intercedas

527 1356 568 1388 Et
597 1358 708 1389 venire
733 1367 792 1390 nos
818 1361 976 1392 concedas

577 1405 628 1436 Ad
655 1414 799 1445 perenne
826 1409 990 1448 gaudium.

174 1505 258 1532 Miss.
289 1507 481 1536 Nannetense
510 1510 580 1545 imp.
611 1510 746 1538 Venetiis
781 1510 864 1539 1482.
899 1513 934 1540 A.
962 1529 997 1532 —
1025 1516 1108 1542 Miss.
1137 1517 1327 1545 Nannetense
1361 1520 1432 1555 imp.

95 1543 275 1579 Rothomagi
307 1543 390 1573 1520.
416 1547 449 1573 Β.
472 1561 508 1565 -
530 1546 592 1581 2a,
625 1549 637 1575 1
662 1558 720 1577 vox
741 1551 851 1578 emissa
873 1552 905 1579 B.
930 1567 965 1571 —
990 1551 1064 1585 lOb⁷
1088 1552 1105 1580 2
1126 1555 1143 1581 l.
1168 1555 1332 1583 vielleicht:
1364 1559 1433 1585 Non

94 1583 255 1610 temnebat.
286 1598 321 1602 —
353 1583 435 1617 llb,
465 1584 482 1613 2
510 1587 651 1615 obvenire
673 1589 707 1615 A.
738 1603 773 1608 —
801 1589 929 1618 Melodie
957 1592 1101 1620 offenbar:
1131 1594 1278 1622 Laudes
1308 1598 1432 1623 crucis

94 1621 267 1648 attollam
278 1621 352 1657 us“,
376 1625 431 1651 mit
451 1625 594 1663 Kiirzung
617 1626 669 1653 der
690 1627 940 1664 Schlussstrophe.

462 1777 522 1808 174.
565 1776 609 1808 De
635 1787 658 1809 s.
682 1779 821 1812 Iohanne
842 1781 1069 1820 Evangelista.

516 1879 544 1911 1.
572 1879 816 1920 Evangelistam
845 1882 1019 1914 Iohannem

570 1928 757 1961 collaudent
783 1930 962 1964 christiani.

111 2029 172 2063 22..
204 2031 317 2071 Agnus
343 2031 502 2064 reducens
529 2041 604 2064 oves
811 2035 872 2068 2b.
903 2036 993 2068 Mors
1020 2042 1068 2068 est
1095 2039 1179 2070 victa
1206 2039 1359 2080 Iohanne,

207 2087 267 2120 per
293 2080 446 2113 Iohannis
473 2080 594 2113 dolium
906 2086 959 2125 qui
986 2094 1108 2118 veneno
1134 2092 1262 2127 potatus

203 2129 426 2161 reconciliavit
905 2142 964 2173 per
991 2138 1111 2166 vestem
1139 2140 1280 2168 mortuos

203 2181 412 2218 peccatores;
903 2187 995 2214 sanat
1023 2183 1123 2215 vivos.

105 2281 167 2316 32.
197 2283 260 2316 Dic
286 2283 391 2324 uobis,
417 2284 535 2326 Maria,
807 2286 870 2320 3b.
903 2288 1054 2330 „Mulier,
1082 2290 1125 2320 sis
1152 2295 1264 2329 mater,

202 2331 304 2365 verba
330 2332 452 2365 Christi
478 2333 586 2365 dulcia
724 2340 725 2343 ’
903 2340 933 2367 et
961 2336 1054 2376 filius,
1083 2338 1279 2371 Iohannes“.

200 2381 238 2413 In
263 2389 359 2413 cruce
383 2386 461 2413 tunc
483 2381 662 2421 morientis,
903 2384 1093 2416 Dilectionis
1124 2395 1157 2418 es
1183 2390 1297 2427 mater,

199 2437 294 2470 quem
322 2429 489 2471 diligebat,
899 2438 1053 2474 cognatus
1081 2434 1203 2467 Christi

248 2481 355 2510 tecum
379 2478 532 2512 videntis.
948 2480 1052 2515 factus
1079 2486 1128 2515 est
1154 2482 1265 2517 frater.

134 2536 157 2560 B
164 2536 175 2560 l
182 2543 201 2559 u
208 2543 237 2560 m
244 2543 259 2560 e
267 2556 273 2566 ,
291 2537 462 2566 sequentiae
477 2536 614 2560 Ineditue.
648 2535 697 2560 IX.
1208 2539 1239 2568 11
