<?xml version="1.0" encoding="UTF-8"?>
<!DOCTYPE html PUBLIC "-//W3C//DTD XHTML 1.0 Transitional//EN"
    "http://www.w3.org/TR/xhtml1/DTD/xhtml1-transitional.dtd">
<html xmlns="http://www.w3.org/1999/xhtml" xml:lang="en" lang="en">
 <head>
  <title>
</title>
<meta http-equiv="Content-Type" content="text/html;charset=utf-8" />
  <meta name='ocr-system' content='tesseract 3.04.00' />
  <meta name='ocr-capabilities' content='ocr_page ocr_carea ocr_par ocr_line ocrx_word'/>
</head>
<body>
  <div class='ocr_page' id='page_1' title='image "./analectahymnica44drevuoft_0063.png"; bbox 0 0 1655 2713; ppageno 0'>
   <div class='ocr_carea' id='block_1_1' title="bbox 234 239 294 271">
    <p class='ocr_par' dir='ltr' id='par_1_1' title="bbox 234 239 294 271">
     <span class='ocr_line' id='line_1_1' title="bbox 234 239 294 271; baseline 0.033 -2"><span class='ocrx_word' id='word_1_1' title='bbox 234 239 294 271; x_wconf 71' lang='lat' dir='ltr'>Sa.</span> 
     </span>
    </p>
   </div>
   <div class='ocr_carea' id='block_1_2' title="bbox 228 449 290 482">
    <p class='ocr_par' dir='ltr' id='par_1_2' title="bbox 228 449 290 482">
     <span class='ocr_line' id='line_1_2' title="bbox 228 449 290 482; baseline 0 0"><span class='ocrx_word' id='word_1_2' title='bbox 228 449 290 482; x_wconf 89' lang='lat' dir='ltr'>9b.</span> 
     </span>
    </p>
   </div>
   <div class='ocr_carea' id='block_1_3' title="bbox 203 661 284 693">
    <p class='ocr_par' dir='ltr' id='par_1_3' title="bbox 203 661 284 693">
     <span class='ocr_line' id='line_1_3' title="bbox 203 661 284 693; baseline 0.037 -3"><span class='ocrx_word' id='word_1_3' title='bbox 203 661 284 693; x_wconf 89' lang='lat' dir='ltr'>lOa.</span> 
     </span>
    </p>
   </div>
   <div class='ocr_carea' id='block_1_4' title="bbox 327 239 677 379">
    <p class='ocr_par' dir='ltr' id='par_1_4' title="bbox 327 239 677 379">
     <span class='ocr_line' id='line_1_4' title="bbox 330 239 636 281; baseline 0.013 -11"><span class='ocrx_word' id='word_1_4' title='bbox 330 239 414 271; x_wconf 84' lang='lat' dir='ltr'>Hinc</span> <span class='ocrx_word' id='word_1_5' title='bbox 440 241 636 281; x_wconf 84' lang='lat' dir='ltr'>pontificalia</span> 
     </span>
     <span class='ocr_line' id='line_1_5' title="bbox 328 287 606 329; baseline 0.007 -10"><span class='ocrx_word' id='word_1_6' title='bbox 328 287 475 329; x_wconf 82' lang='lat' dir='ltr'>Suscepit</span> <span class='ocrx_word' id='word_1_7' title='bbox 500 288 606 321; x_wconf 81' lang='lat' dir='ltr'>officia</span> 
     </span>
     <span class='ocr_line' id='line_1_6' title="bbox 327 336 677 379; baseline 0.006 -12"><span class='ocrx_word' id='word_1_8' title='bbox 327 336 363 367; x_wconf 90' lang='lat' dir='ltr'>ln</span> <span class='ocrx_word' id='word_1_9' title='bbox 389 337 468 367; x_wconf 87' lang='lat' dir='ltr'>urbe</span> <span class='ocrx_word' id='word_1_10' title='bbox 494 338 677 379; x_wconf 86' lang='lat' dir='ltr'>Hipponia;</span> 
     </span>
    </p>
   </div>
   <div class='ocr_carea' id='block_1_5' title="bbox 322 450 792 590">
    <p class='ocr_par' dir='ltr' id='par_1_5' title="bbox 322 450 792 590">
     <span class='ocr_line' id='line_1_7' title="bbox 327 450 762 485; baseline 0.009 -4"><span class='ocrx_word' id='word_1_11' title='bbox 327 450 423 482; x_wconf 82' lang='lat' dir='ltr'>Secus</span> <span class='ocrx_word' id='word_1_12' title='bbox 448 452 566 483; x_wconf 83' lang='lat' dir='ltr'><strong>Christi</strong></span> <span class='ocrx_word' id='word_1_13' title='bbox 594 451 762 485; x_wconf 80' lang='lat' dir='ltr'>formulam</span> 
     </span>
     <span class='ocr_line' id='line_1_8' title="bbox 323 499 770 533; baseline 0.009 -4"><span class='ocrx_word' id='word_1_14' title='bbox 323 499 391 530; x_wconf 92' lang='lat' dir='ltr'>Non</span> <span class='ocrx_word' id='word_1_15' title='bbox 423 499 589 531; x_wconf 75' lang='lat' dir='ltr'>habentem</span> <span class='ocrx_word' id='word_1_16' title='bbox 617 501 770 533; x_wconf 85' lang='lat' dir='ltr'>maculam</span> 
     </span>
     <span class='ocr_line' id='line_1_9' title="bbox 322 546 792 590; baseline 0.009 -13"><span class='ocrx_word' id='word_1_17' title='bbox 322 546 449 579; x_wconf 86' lang='lat' dir='ltr'>Sacram</span> <span class='ocrx_word' id='word_1_18' title='bbox 476 548 604 587; x_wconf 85' lang='lat' dir='ltr'>scripsit</span> <span class='ocrx_word' id='word_1_19' title='bbox 631 550 792 590; x_wconf 77' lang='lat' dir='ltr'>regulam3</span> 
     </span>
    </p>
   </div>
   <div class='ocr_carea' id='block_1_6' title="bbox 321 660 716 801">
    <p class='ocr_par' dir='ltr' id='par_1_6' title="bbox 321 660 716 801">
     <span class='ocr_line' id='line_1_10' title="bbox 323 660 651 695; baseline 0.009 -4"><span class='ocrx_word' id='word_1_20' title='bbox 323 660 520 693; x_wconf 87' lang='lat' dir='ltr'>Gubernanti</span> <span class='ocrx_word' id='word_1_21' title='bbox 547 663 651 695; x_wconf 82' lang='lat' dir='ltr'>omnia</span> 
     </span>
     <span class='ocr_line' id='line_1_11' title="bbox 321 708 716 750; baseline 0.013 -12"><span class='ocrx_word' id='word_1_22' title='bbox 321 708 405 739; x_wconf 84' lang='lat' dir='ltr'>Laus</span> <span class='ocrx_word' id='word_1_23' title='bbox 431 709 531 741; x_wconf 86' lang='lat' dir='ltr'>honor</span> <span class='ocrx_word' id='word_1_24' title='bbox 557 715 588 741; x_wconf 89' lang='lat' dir='ltr'>et</span> <span class='ocrx_word' id='word_1_25' title='bbox 614 711 716 750; x_wconf 82' lang='lat' dir='ltr'>gloria</span> 
     </span>
     <span class='ocr_line' id='line_1_12' title="bbox 322 755 706 801; baseline 0.016 -16"><span class='ocrx_word' id='word_1_26' title='bbox 322 755 382 786; x_wconf 85' lang='lat' dir='ltr'>Per</span> <span class='ocrx_word' id='word_1_27' title='bbox 408 758 511 789; x_wconf 84' lang='lat' dir='ltr'>saecla</span> <span class='ocrx_word' id='word_1_28' title='bbox 538 759 706 801; x_wconf 83' lang='lat' dir='ltr'>manentia,</span> 
     </span>
    </p>
   </div>
   <div class='ocr_carea' id='block_1_7' title="bbox 841 146 886 180">
    <p class='ocr_par' dir='ltr' id='par_1_7' title="bbox 841 146 886 180">
     <span class='ocr_line' id='line_1_13' title="bbox 841 146 886 180; baseline 0 0"><span class='ocrx_word' id='word_1_29' title='bbox 841 146 886 180; x_wconf 88' lang='lat'>60</span> 
     </span>
    </p>
   </div>
   <div class='ocr_carea' id='block_1_8' title="bbox 919 243 981 277">
    <p class='ocr_par' dir='ltr' id='par_1_8' title="bbox 919 243 981 277">
     <span class='ocr_line' id='line_1_14' title="bbox 919 243 981 277; baseline 0 -1"><span class='ocrx_word' id='word_1_30' title='bbox 919 243 981 277; x_wconf 86' lang='lat' dir='ltr'>8b.</span> 
     </span>
    </p>
   </div>
   <div class='ocr_carea' id='block_1_9' title="bbox 916 455 978 489">
    <p class='ocr_par' dir='ltr' id='par_1_9' title="bbox 916 455 978 489">
     <span class='ocr_line' id='line_1_15' title="bbox 916 455 978 489; baseline 0 -1"><span class='ocrx_word' id='word_1_31' title='bbox 916 455 978 489; x_wconf 88' lang='lat' dir='ltr'>9b.</span> 
     </span>
    </p>
   </div>
   <div class='ocr_carea' id='block_1_10' title="bbox 890 666 973 698">
    <p class='ocr_par' dir='ltr' id='par_1_10' title="bbox 890 666 973 698">
     <span class='ocr_line' id='line_1_16' title="bbox 890 666 973 698; baseline -0.012 0"><span class='ocrx_word' id='word_1_32' title='bbox 890 666 973 698; x_wconf 89' lang='lat' dir='ltr'>lOb.</span> 
     </span>
    </p>
   </div>
   <div class='ocr_carea' id='block_1_11' title="bbox 1012 244 1343 377">
    <p class='ocr_par' dir='ltr' id='par_1_11' title="bbox 1012 244 1343 377">
     <span class='ocr_line' id='line_1_17' title="bbox 1017 244 1343 279; baseline 0.009 -3"><span class='ocrx_word' id='word_1_33' title='bbox 1017 244 1123 277; x_wconf 90' lang='lat' dir='ltr'>Fulsit</span> <span class='ocrx_word' id='word_1_34' title='bbox 1147 245 1179 277; x_wconf 90' lang='lat' dir='ltr'>iu</span> <span class='ocrx_word' id='word_1_35' title='bbox 1206 247 1343 279; x_wconf 86' lang='lat' dir='ltr'>ecclesia</span> 
     </span>
     <span class='ocr_line' id='line_1_18' title="bbox 1013 292 1298 327; baseline 0.014 -4"><span class='ocrx_word' id='word_1_36' title='bbox 1013 292 1103 324; x_wconf 86' lang='lat' dir='ltr'>Sicut</span> <span class='ocrx_word' id='word_1_37' title='bbox 1129 293 1298 327; x_wconf 84' lang='lat' dir='ltr'>luminaria</span> 
     </span>
     <span class='ocr_line' id='line_1_19' title="bbox 1012 340 1342 377; baseline 0.012 -5"><span class='ocrx_word' id='word_1_38' title='bbox 1012 340 1051 372; x_wconf 89' lang='lat' dir='ltr'>In</span> <span class='ocrx_word' id='word_1_39' title='bbox 1077 341 1165 373; x_wconf 83' lang='lat' dir='ltr'>caelo</span> <span class='ocrx_word' id='word_1_40' title='bbox 1191 342 1342 377; x_wconf 86' lang='lat' dir='ltr'>lucentia.</span> 
     </span>
    </p>
   </div>
   <div class='ocr_carea' id='block_1_12' title="bbox 1010 457 1475 596">
    <p class='ocr_par' dir='ltr' id='par_1_12' title="bbox 1010 457 1475 596">
     <span class='ocr_line' id='line_1_20' title="bbox 1014 457 1323 498; baseline 0.01 -10"><span class='ocrx_word' id='word_1_41' title='bbox 1014 457 1095 489; x_wconf 87' lang='lat' dir='ltr'>Eam</span> <span class='ocrx_word' id='word_1_42' title='bbox 1123 458 1323 498; x_wconf 86' lang='lat' dir='ltr'>diligentium</span> 
     </span>
     <span class='ocr_line' id='line_1_21' title="bbox 1014 507 1470 548; baseline 0.009 -12"><span class='ocrx_word' id='word_1_43' title='bbox 1014 507 1055 537; x_wconf 86' lang='lat' dir='ltr'>Et</span> <span class='ocrx_word' id='word_1_44' title='bbox 1081 507 1233 538; x_wconf 90' lang='lat' dir='ltr'>mundum</span> <span class='ocrx_word' id='word_1_45' title='bbox 1260 507 1470 548; x_wconf 87' lang='lat' dir='ltr'>linquentium</span> 
     </span>
     <span class='ocr_line' id='line_1_22' title="bbox 1010 553 1475 596; baseline 0.011 -12"><span class='ocrx_word' id='word_1_46' title='bbox 1010 553 1186 586; x_wconf 87' lang='lat' dir='ltr'>Maximum</span> <span class='ocrx_word' id='word_1_47' title='bbox 1214 559 1262 586; x_wconf 87' lang='lat' dir='ltr'>est</span> <span class='ocrx_word' id='word_1_48' title='bbox 1287 557 1475 596; x_wconf 88' lang='lat' dir='ltr'>praemium.</span> 
     </span>
    </p>
   </div>
   <div class='ocr_carea' id='block_1_13' title="bbox 1007 668 1444 803">
    <p class='ocr_par' dir='ltr' id='par_1_13' title="bbox 1007 668 1444 803">
     <span class='ocr_line' id='line_1_23' title="bbox 1009 668 1444 707; baseline 0.011 -9"><span class='ocrx_word' id='word_1_49' title='bbox 1009 668 1068 707; x_wconf 89' lang='lat' dir='ltr'>Qui</span> <span class='ocrx_word' id='word_1_50' title='bbox 1095 678 1151 700; x_wconf 87' lang='lat' dir='ltr'>nos</span> <span class='ocrx_word' id='word_1_51' title='bbox 1178 669 1271 701; x_wconf 90' lang='lat' dir='ltr'>victis</span> <span class='ocrx_word' id='word_1_52' title='bbox 1299 670 1444 703; x_wconf 81' lang='lat' dir='ltr'>hostibus</span> 
     </span>
     <span class='ocr_line' id='line_1_24' title="bbox 1007 717 1358 758; baseline 0.011 -12"><span class='ocrx_word' id='word_1_53' title='bbox 1007 717 1179 755; x_wconf 80' lang='lat' dir='ltr'>Augustini</span> <span class='ocrx_word' id='word_1_54' title='bbox 1208 718 1358 758; x_wconf 86' lang='lat' dir='ltr'>precibus</span> 
     </span>
     <span class='ocr_line' id='line_1_25' title="bbox 1008 764 1388 803; baseline 0.016 -9"><span class='ocrx_word' id='word_1_55' title='bbox 1008 764 1121 803; x_wconf 86' lang='lat' dir='ltr'>Iungat</span> <span class='ocrx_word' id='word_1_56' title='bbox 1147 766 1227 796; x_wconf 83' lang='lat' dir='ltr'>caeli</span> <span class='ocrx_word' id='word_1_57' title='bbox 1254 767 1388 801; x_wconf 86' lang='lat' dir='ltr'>civibus.</span> 
     </span>
    </p>
   </div>
   <div class='ocr_carea' id='block_1_14' title="bbox 198 869 1516 986">
    <p class='ocr_par' dir='ltr' id='par_1_14' title="bbox 198 869 1516 986">
     <span class='ocr_line' id='line_1_26' title="bbox 276 869 1513 917; baseline 0.011 -22"><span class='ocrx_word' id='word_1_58' title='bbox 276 869 362 896; x_wconf 84' lang='lat' dir='ltr'>Grad.</span> <span class='ocrx_word' id='word_1_59' title='bbox 385 879 437 896; x_wconf 85' lang='lat' dir='ltr'>ms.</span> <span class='ocrx_word' id='word_1_60' title='bbox 461 871 628 899; x_wconf 76' lang='lat' dir='ltr'>Sediiuense</span> <span class='ocrx_word' id='word_1_61' title='bbox 650 881 716 900; x_wconf 76' lang='lat' dir='ltr'>saec</span> <span class='ocrx_word' id='word_1_62' title='bbox 750 872 791 901; x_wconf 85' lang='lat'>13.</span> <span class='ocrx_word' id='word_1_63' title='bbox 817 874 885 901; x_wconf 85' lang='lat' dir='ltr'>cod.</span> <span class='ocrx_word' id='word_1_64' title='bbox 908 875 1002 911; x_wconf 84' lang='lat' dir='ltr'>Capit.</span> <span class='ocrx_word' id='word_1_65' title='bbox 1024 877 1169 905; x_wconf 82' lang='lat' dir='ltr'>Sedunen.</span> <span class='ocrx_word' id='word_1_66' title='bbox 1192 888 1214 905; x_wconf 86' lang='lat' dir='ltr'>s.</span> <span class='ocrx_word' id='word_1_67' title='bbox 1230 889 1257 906; x_wconf 89' lang='lat' dir='ltr'>n.</span> <span class='ocrx_word' id='word_1_68' title='bbox 1273 881 1306 906; x_wconf 82' lang='lat' dir='ltr'>A.</span> <span class='ocrx_word' id='word_1_69' title='bbox 1323 895 1357 900; x_wconf 86' lang='lat'>—</span> <span class='ocrx_word' id='word_1_70' title='bbox 1375 880 1513 917; x_wconf 85' lang='lat' dir='ltr'>Sequent-</span> 
     </span>
     <span class='ocr_line' id='line_1_27' title="bbox 200 907 1516 954; baseline 0.012 -23"><span class='ocrx_word' id='word_1_71' title='bbox 200 915 249 932; x_wconf 87' lang='lat' dir='ltr'>ms.</span> <span class='ocrx_word' id='word_1_72' title='bbox 273 907 441 935; x_wconf 67' lang='lat' dir='ltr'>Sedunense</span> <span class='ocrx_word' id='word_1_73' title='bbox 464 918 538 936; x_wconf 78' lang='lat' dir='ltr'>saec.</span> <span class='ocrx_word' id='word_1_74' title='bbox 564 908 635 937; x_wconf 72' lang='lat' dir='ltr'>¹³lu.</span> <span class='ocrx_word' id='word_1_75' title='bbox 659 911 727 938; x_wconf 84' lang='lat' dir='ltr'>Cod.</span> <span class='ocrx_word' id='word_1_76' title='bbox 751 912 843 948; x_wconf 76' lang='lat' dir='ltr'>Capit,</span> <span class='ocrx_word' id='word_1_77' title='bbox 867 912 1011 941; x_wconf 87' lang='lat' dir='ltr'>Sedunen.</span> <span class='ocrx_word' id='word_1_78' title='bbox 1033 924 1055 941; x_wconf 86' lang='lat' dir='ltr'>s.</span> <span class='ocrx_word' id='word_1_79' title='bbox 1077 925 1104 943; x_wconf 92' lang='lat' dir='ltr'>n.</span> <span class='ocrx_word' id='word_1_80' title='bbox 1126 918 1159 943; x_wconf 85' lang='lat' dir='ltr'>B.</span> <span class='ocrx_word' id='word_1_81' title='bbox 1176 932 1210 936; x_wconf 92' lang='lat'>—</span> <span class='ocrx_word' id='word_1_82' title='bbox 1227 918 1365 954; x_wconf 86' lang='lat' dir='ltr'>Sequent.</span> <span class='ocrx_word' id='word_1_83' title='bbox 1389 929 1440 946; x_wconf 89' lang='lat' dir='ltr'>ms.</span> <span class='ocrx_word' id='word_1_84' title='bbox 1464 920 1516 947; x_wconf 70' lang='lat' dir='ltr'>Se-</span> 
     </span>
     <span class='ocr_line' id='line_1_28' title="bbox 198 944 1126 986; baseline 0.012 -16"><span class='ocrx_word' id='word_1_85' title='bbox 198 944 327 972; x_wconf 82' lang='lat' dir='ltr'>dunense</span> <span class='ocrx_word' id='word_1_86' title='bbox 349 955 423 973; x_wconf 72' lang='lat' dir='ltr'>sace.</span> <span class='ocrx_word' id='word_1_87' title='bbox 450 946 482 974; x_wconf 87' lang='lat'>14</span> <span class='ocrx_word' id='word_1_88' title='bbox 503 952 531 974; x_wconf 80' lang='lat' dir='ltr'>et</span> <span class='ocrx_word' id='word_1_89' title='bbox 555 947 596 975; x_wconf 82' lang='lat'>15.</span> <span class='ocrx_word' id='word_1_90' title='bbox 620 949 688 975; x_wconf 76' lang='lat' dir='ltr'>cod.</span> <span class='ocrx_word' id='word_1_91' title='bbox 711 951 806 986; x_wconf 86' lang='lat' dir='ltr'>Capit.</span> <span class='ocrx_word' id='word_1_92' title='bbox 830 951 974 979; x_wconf 83' lang='lat' dir='ltr'>Sedunen.</span> <span class='ocrx_word' id='word_1_93' title='bbox 997 963 1019 980; x_wconf 86' lang='lat' dir='ltr'>s.</span> <span class='ocrx_word' id='word_1_94' title='bbox 1044 964 1071 981; x_wconf 90' lang='lat' dir='ltr'>n.</span> <span class='ocrx_word' id='word_1_95' title='bbox 1095 956 1126 981; x_wconf 77' lang='lat' dir='ltr'>C.</span> 
     </span>
    </p>
   </div>
   <div class='ocr_carea' id='block_1_15' title="bbox 221 1260 279 1291">
    <p class='ocr_par' dir='ltr' id='par_1_15' title="bbox 221 1260 279 1291">
     <span class='ocr_line' id='line_1_29' title="bbox 221 1260 279 1291; baseline 0.017 -1"><span class='ocrx_word' id='word_1_96' title='bbox 221 1260 279 1291; x_wconf 84' lang='lat' dir='ltr'>la.</span> 
     </span>
    </p>
   </div>
   <div class='ocr_carea' id='block_1_16' title="bbox 216 1470 274 1501">
    <p class='ocr_par' dir='ltr' id='par_1_16' title="bbox 216 1470 274 1501">
     <span class='ocr_line' id='line_1_30' title="bbox 216 1470 274 1501; baseline 0.017 -2"><span class='ocrx_word' id='word_1_97' title='bbox 216 1470 274 1501; x_wconf 73' lang='lat'>22.</span> 
     </span>
    </p>
   </div>
   <div class='ocr_carea' id='block_1_17' title="bbox 215 1774 275 1806">
    <p class='ocr_par' dir='ltr' id='par_1_17' title="bbox 215 1774 275 1806">
     <span class='ocr_line' id='line_1_31' title="bbox 215 1774 275 1806; baseline 0.033 -3"><span class='ocrx_word' id='word_1_98' title='bbox 215 1774 275 1806; x_wconf 83' lang='lat' dir='ltr'>3a.</span> 
     </span>
    </p>
   </div>
   <div class='ocr_carea' id='block_1_18' title="bbox 209 2081 268 2112">
    <p class='ocr_par' dir='ltr' id='par_1_18' title="bbox 209 2081 268 2112">
     <span class='ocr_line' id='line_1_32' title="bbox 209 2081 268 2112; baseline 0.017 -2"><span class='ocrx_word' id='word_1_99' title='bbox 209 2081 268 2112; x_wconf 83' lang='lat' dir='ltr'>4a.</span> 
     </span>
    </p>
   </div>
   <div class='ocr_carea' id='block_1_19' title="bbox 202 2340 262 2371">
    <p class='ocr_par' dir='ltr' id='par_1_19' title="bbox 202 2340 262 2371">
     <span class='ocr_line' id='line_1_33' title="bbox 202 2340 262 2371; baseline 0 -1"><span class='ocrx_word' id='word_1_100' title='bbox 202 2340 262 2371; x_wconf 87' lang='lat' dir='ltr'>5a.</span> 
     </span>
    </p>
   </div>
   <div class='ocr_carea' id='block_1_20' title="bbox 621 1146 1083 1189">
    <p class='ocr_par' dir='ltr' id='par_1_20' title="bbox 621 1146 1083 1189">
     <span class='ocr_line' id='line_1_34' title="bbox 621 1146 1083 1189; baseline 0.011 -13"><span class='ocrx_word' id='word_1_101' title='bbox 621 1146 665 1176; x_wconf 87' lang='lat'>57.</span> <span class='ocrx_word' id='word_1_102' title='bbox 708 1148 748 1177; x_wconf 88' lang='lat' dir='ltr'>De</span> <span class='ocrx_word' id='word_1_103' title='bbox 770 1151 878 1179; x_wconf 84' lang='lat' dir='ltr'>sancto</span> <span class='ocrx_word' id='word_1_104' title='bbox 900 1149 1083 1189; x_wconf 79' lang='lat' dir='ltr'>Augustino.</span> 
     </span>
    </p>
   </div>
   <div class='ocr_carea' id='block_1_21' title="bbox 314 1260 769 1388">
    <p class='ocr_par' dir='ltr' id='par_1_21' title="bbox 314 1260 769 1388">
     <span class='ocr_line' id='line_1_35' title="bbox 315 1260 769 1303; baseline 0.011 -12"><span class='ocrx_word' id='word_1_105' title='bbox 315 1260 519 1292; x_wconf 88' lang='lat' dir='ltr'>Sollemnizet</span> <span class='ocrx_word' id='word_1_106' title='bbox 547 1263 622 1294; x_wconf 83' lang='lat' dir='ltr'>cleri</span> <span class='ocrx_word' id='word_1_107' title='bbox 650 1265 769 1303; x_wconf 80' lang='lat' dir='ltr'>schola,</span> 
     </span>
     <span class='ocr_line' id='line_1_36' title="bbox 314 1308 733 1343; baseline 0.01 -4"><span class='ocrx_word' id='word_1_108' title='bbox 314 1308 435 1339; x_wconf 80' lang='lat' dir='ltr'>Psallat</span> <span class='ocrx_word' id='word_1_109' title='bbox 463 1309 580 1341; x_wconf 81' lang='lat' dir='ltr'>Christi</span> <span class='ocrx_word' id='word_1_110' title='bbox 607 1311 733 1343; x_wconf 85' lang='lat' dir='ltr'>Domini</span> 
     </span>
     <span class='ocr_line' id='line_1_37' title="bbox 408 1355 528 1388; baseline 0.008 -1"><span class='ocrx_word' id='word_1_111' title='bbox 408 1355 528 1388; x_wconf 76' lang='lat' dir='ltr'>familia</span> 
     </span>
    </p>
   </div>
   <div class='ocr_carea' id='block_1_22' title="bbox 308 1470 804 1704">
    <p class='ocr_par' dir='ltr' id='par_1_22' title="bbox 308 1470 804 1704">
     <span class='ocr_line' id='line_1_38' title="bbox 311 1470 548 1510; baseline 0.008 -10"><span class='ocrx_word' id='word_1_112' title='bbox 311 1470 418 1510; x_wconf 87' lang='lat' dir='ltr'>Ipsum</span> <span class='ocrx_word' id='word_1_113' title='bbox 446 1476 548 1502; x_wconf 86' lang='lat' dir='ltr'>mater</span> 
     </span>
     <span class='ocr_line' id='line_1_39' title="bbox 357 1519 751 1560; baseline 0.013 -12"><span class='ocrx_word' id='word_1_114' title='bbox 357 1519 475 1549; x_wconf 88' lang='lat' dir='ltr'>mundo</span> <span class='ocrx_word' id='word_1_115' title='bbox 502 1528 597 1551; x_wconf 87' lang='lat' dir='ltr'>earne</span> <span class='ocrx_word' id='word_1_116' title='bbox 623 1521 751 1560; x_wconf 80' lang='lat' dir='ltr'>pariens</span> 
     </span>
     <span class='ocr_line' id='line_1_40' title="bbox 308 1564 535 1597; baseline 0.004 -1"><span class='ocrx_word' id='word_1_117' title='bbox 308 1564 406 1596; x_wconf 84' lang='lat' dir='ltr'>Dedit</span> <span class='ocrx_word' id='word_1_118' title='bbox 434 1567 535 1597; x_wconf 84' lang='lat' dir='ltr'>virum</span> 
     </span>
     <span class='ocr_line' id='line_1_41' title="bbox 358 1613 729 1654; baseline 0.008 -9"><span class='ocrx_word' id='word_1_119' title='bbox 358 1613 485 1645; x_wconf 85' lang='lat' dir='ltr'>Christo</span> <span class='ocrx_word' id='word_1_120' title='bbox 512 1617 729 1654; x_wconf 75' lang='lat' dir='ltr'>reparturiens</span> 
     </span>
     <span class='ocr_line' id='line_1_42' title="bbox 403 1661 804 1704; baseline 0.017 -13"><span class='ocrx_word' id='word_1_121' title='bbox 403 1661 497 1693; x_wconf 85' lang='lat' dir='ltr'>Fletu</span> <span class='ocrx_word' id='word_1_122' title='bbox 527 1668 652 1695; x_wconf 86' lang='lat' dir='ltr'>serente</span> <span class='ocrx_word' id='word_1_123' title='bbox 677 1665 804 1704; x_wconf 85' lang='lat' dir='ltr'>gaudia.</span> 
     </span>
    </p>
   </div>
   <div class='ocr_carea' id='block_1_23' title="bbox 304 1773 794 2009">
    <p class='ocr_par' dir='ltr' id='par_1_23' title="bbox 304 1773 794 2009">
     <span class='ocr_line' id='line_1_43' title="bbox 311 1773 629 1808; baseline 0.013 -4"><span class='ocrx_word' id='word_1_124' title='bbox 311 1773 359 1804; x_wconf 90' lang='lat' dir='ltr'>De</span> <span class='ocrx_word' id='word_1_125' title='bbox 385 1783 461 1805; x_wconf 88' lang='lat' dir='ltr'>auro</span> <span class='ocrx_word' id='word_1_126' title='bbox 488 1776 629 1808; x_wconf 81' lang='lat' dir='ltr'>Arabiae</span> 
     </span>
     <span class='ocr_line' id='line_1_44' title="bbox 354 1821 722 1856; baseline 0.011 -4"><span class='ocrx_word' id='word_1_127' title='bbox 354 1821 422 1853; x_wconf 89' lang='lat' dir='ltr'>Deo</span> <span class='ocrx_word' id='word_1_128' title='bbox 448 1823 579 1854; x_wconf 86' lang='lat' dir='ltr'>multum</span> <span class='ocrx_word' id='word_1_129' title='bbox 606 1824 722 1856; x_wconf 87' lang='lat' dir='ltr'>obtulit</span> 
     </span>
     <span class='ocr_line' id='line_1_45' title="bbox 304 1869 721 1912; baseline 0.012 -13"><span class='ocrx_word' id='word_1_130' title='bbox 304 1869 347 1900; x_wconf 88' lang='lat' dir='ltr'>Et</span> <span class='ocrx_word' id='word_1_131' title='bbox 373 1871 552 1910; x_wconf 73' lang='lat' dir='ltr'>Aegyptum</span> <span class='ocrx_word' id='word_1_132' title='bbox 580 1873 721 1912; x_wconf 79' lang='lat' dir='ltr'>spolians</span> 
     </span>
     <span class='ocr_line' id='line_1_46' title="bbox 350 1921 703 1952; baseline 0.014 -5"><span class='ocrx_word' id='word_1_133' title='bbox 350 1926 426 1948; x_wconf 77' lang='lat' dir='ltr'>vasa</span> <span class='ocrx_word' id='word_1_134' title='bbox 457 1927 561 1951; x_wconf 80' lang='lat' dir='ltr'>secum</span> <span class='ocrx_word' id='word_1_135' title='bbox 590 1921 703 1952; x_wconf 83' lang='lat' dir='ltr'>extulit</span> 
     </span>
     <span class='ocr_line' id='line_1_47' title="bbox 400 1965 794 2009; baseline 0.015 -13"><span class='ocrx_word' id='word_1_136' title='bbox 400 1965 476 1997; x_wconf 86' lang='lat' dir='ltr'>Cum</span> <span class='ocrx_word' id='word_1_137' title='bbox 503 1968 608 1999; x_wconf 82' lang='lat' dir='ltr'>aureis</span> <span class='ocrx_word' id='word_1_138' title='bbox 634 1972 794 2009; x_wconf 83' lang='lat' dir='ltr'>argentea.</span> 
     </span>
    </p>
   </div>
   <div class='ocr_carea' id='block_1_24' title="bbox 300 2079 733 2260">
    <p class='ocr_par' dir='ltr' id='par_1_24' title="bbox 304 2079 466 2120">
     <span class='ocr_line' id='line_1_48' title="bbox 304 2079 466 2120; baseline 0.006 -10"><span class='ocrx_word' id='word_1_139' title='bbox 304 2079 466 2120; x_wconf 80' lang='lat' dir='ltr'>Mitigavit</span> 
     </span>
    </p>

    <p class='ocr_par' dir='ltr' id='par_1_25' title="bbox 300 2128 733 2260">
     <span class='ocr_line' id='line_1_49' title="bbox 300 2128 496 2160; baseline 0.01 -2"><span class='ocrx_word' id='word_1_140' title='bbox 300 2129 365 2159; x_wconf 85' lang='lat' dir='ltr'>Ista</span> <span class='ocrx_word' id='word_1_141' title='bbox 392 2128 496 2160; x_wconf 84' lang='lat' dir='ltr'>David</span> 
     </span>
     <span class='ocr_line' id='line_1_50' title="bbox 350 2176 733 2211; baseline 0.013 -5"><span class='ocrx_word' id='word_1_142' title='bbox 350 2176 442 2207; x_wconf 89' lang='lat' dir='ltr'>Dulci</span> <span class='ocrx_word' id='word_1_143' title='bbox 468 2186 584 2209; x_wconf 87' lang='lat' dir='ltr'>sonans</span> <span class='ocrx_word' id='word_1_144' title='bbox 611 2179 733 2211; x_wconf 85' lang='lat' dir='ltr'>cithara</span> 
     </span>
     <span class='ocr_line' id='line_1_51' title="bbox 347 2224 730 2260; baseline 0.01 -5"><span class='ocrx_word' id='word_1_145' title='bbox 347 2224 453 2256; x_wconf 83' lang='lat' dir='ltr'>Corda</span> <span class='ocrx_word' id='word_1_146' title='bbox 479 2224 554 2257; x_wconf 85' lang='lat' dir='ltr'>Saul</span> <span class='ocrx_word' id='word_1_147' title='bbox 583 2226 730 2260; x_wconf 83' lang='lat' dir='ltr'>barbara.</span> 
     </span>
    </p>
   </div>
   <div class='ocr_carea' id='block_1_25' title="bbox 296 2339 756 2472">
    <p class='ocr_par' dir='ltr' id='par_1_26' title="bbox 296 2339 756 2472">
     <span class='ocr_line' id='line_1_52' title="bbox 302 2339 737 2382; baseline 0.009 -12"><span class='ocrx_word' id='word_1_148' title='bbox 302 2339 446 2372; x_wconf 82' lang='lat' dir='ltr'>Caedens</span> <span class='ocrx_word' id='word_1_149' title='bbox 472 2341 564 2372; x_wconf 87' lang='lat' dir='ltr'>libris</span> <span class='ocrx_word' id='word_1_150' title='bbox 590 2341 737 2382; x_wconf 89' lang='lat' dir='ltr'>pluribus</span> 
     </span>
     <span class='ocr_line' id='line_1_53' title="bbox 296 2387 672 2422; baseline 0.011 -4"><span class='ocrx_word' id='word_1_151' title='bbox 296 2387 413 2419; x_wconf 85' lang='lat' dir='ltr'>Ramos</span> <span class='ocrx_word' id='word_1_152' title='bbox 439 2389 486 2420; x_wconf 89' lang='lat' dir='ltr'>de.</span> <span class='ocrx_word' id='word_1_153' title='bbox 503 2390 672 2422; x_wconf 88' lang='lat' dir='ltr'>arboribus</span> 
     </span>
     <span class='ocr_line' id='line_1_54' title="bbox 344 2437 756 2472; baseline 0.005 -3"><span class='ocrx_word' id='word_1_154' title='bbox 344 2437 465 2469; x_wconf 84' lang='lat' dir='ltr'>Stravit</span> <span class='ocrx_word' id='word_1_155' title='bbox 491 2438 522 2470; x_wconf 91' lang='lat' dir='ltr'>in</span> <span class='ocrx_word' id='word_1_156' title='bbox 550 2438 670 2470; x_wconf 88' lang='lat' dir='ltr'>Christi</span> <span class='ocrx_word' id='word_1_157' title='bbox 695 2440 756 2472; x_wconf 81' lang='lat' dir='ltr'>via.</span> 
     </span>
    </p>
   </div>
   <div class='ocr_carea' id='block_1_26' title="bbox 903 1267 964 1300">
    <p class='ocr_par' dir='ltr' id='par_1_27' title="bbox 903 1267 964 1300">
     <span class='ocr_line' id='line_1_55' title="bbox 903 1267 964 1300; baseline -0.033 0"><span class='ocrx_word' id='word_1_158' title='bbox 903 1267 964 1300; x_wconf 82' lang='lat' dir='ltr'>lb.</span> 
     </span>
    </p>
   </div>
   <div class='ocr_carea' id='block_1_27' title="bbox 905 1477 964 1509">
    <p class='ocr_par' dir='ltr' id='par_1_28' title="bbox 905 1477 964 1509">
     <span class='ocr_line' id='line_1_56' title="bbox 905 1477 964 1509; baseline -0.034 0"><span class='ocrx_word' id='word_1_159' title='bbox 905 1477 964 1509; x_wconf 84' lang='lat' dir='ltr'>2b.</span> 
     </span>
    </p>
   </div>
   <div class='ocr_carea' id='block_1_28' title="bbox 901 1781 962 1813">
    <p class='ocr_par' dir='ltr' id='par_1_29' title="bbox 901 1781 962 1813">
     <span class='ocr_line' id='line_1_57' title="bbox 901 1781 962 1813; baseline 0 0"><span class='ocrx_word' id='word_1_160' title='bbox 901 1781 962 1813; x_wconf 87' lang='lat' dir='ltr'>3b.</span> 
     </span>
    </p>
   </div>
   <div class='ocr_carea' id='block_1_29' title="bbox 896 2087 957 2119">
    <p class='ocr_par' dir='ltr' id='par_1_30' title="bbox 896 2087 957 2119">
     <span class='ocr_line' id='line_1_58' title="bbox 896 2087 957 2119; baseline 0 0"><span class='ocrx_word' id='word_1_161' title='bbox 896 2087 957 2119; x_wconf 87' lang='lat' dir='ltr'>4b.</span> 
     </span>
    </p>
   </div>
   <div class='ocr_carea' id='block_1_30' title="bbox 893 2345 956 2380">
    <p class='ocr_par' dir='ltr' id='par_1_31' title="bbox 893 2345 956 2380">
     <span class='ocr_line' id='line_1_59' title="bbox 893 2345 956 2380; baseline 0.048 -4"><span class='ocrx_word' id='word_1_162' title='bbox 893 2345 956 2380; x_wconf 87' lang='lat' dir='ltr'>5b.</span> 
     </span>
    </p>
   </div>
   <div class='ocr_carea' id='block_1_31' title="bbox 1002 1268 1506 1315">
    <p class='ocr_par' dir='ltr' id='par_1_32' title="bbox 1002 1268 1506 1315">
     <span class='ocr_line' id='line_1_60' title="bbox 1002 1268 1506 1315; baseline 0.014 -16"><span class='ocrx_word' id='word_1_163' title='bbox 1002 1269 1165 1308; x_wconf 86' lang='lat' dir='ltr'>Reputans</span> <span class='ocrx_word' id='word_1_164' title='bbox 1194 1268 1306 1315; x_wconf 88' lang='lat' dir='ltr'>[nunc]</span> <span class='ocrx_word' id='word_1_165' title='bbox 1334 1274 1506 1314; x_wconf 82' lang='lat' dir='ltr'>Augustini</span> 
     </span>
    </p>
   </div>
   <div class='ocr_carea' id='block_1_32' title="bbox 997 1316 1365 1359">
    <p class='ocr_par' dir='ltr' id='par_1_33' title="bbox 997 1316 1365 1359">
     <span class='ocr_line' id='line_1_61' title="bbox 997 1316 1365 1359; baseline 0.011 -12"><span class='ocrx_word' id='word_1_166' title='bbox 997 1316 1151 1348; x_wconf 75' lang='lat' dir='ltr'>Caelestis</span> <span class='ocrx_word' id='word_1_167' title='bbox 1183 1319 1365 1359; x_wconf 83' lang='lat' dir='ltr'>presbyteri</span> 
     </span>
    </p>
   </div>
   <div class='ocr_carea' id='block_1_33' title="bbox 1095 1365 1272 1399">
    <p class='ocr_par' dir='ltr' id='par_1_34' title="bbox 1095 1365 1272 1399">
     <span class='ocr_line' id='line_1_62' title="bbox 1095 1365 1272 1399; baseline 0.023 -4"><span class='ocrx_word' id='word_1_168' title='bbox 1095 1365 1272 1399; x_wconf 81' lang='lat' dir='ltr'>sollemnia.</span> 
     </span>
    </p>
   </div>
   <div class='ocr_carea' id='block_1_34' title="bbox 997 1478 1480 1709">
    <p class='ocr_par' dir='ltr' id='par_1_35' title="bbox 997 1478 1480 1709">
     <span class='ocr_line' id='line_1_63' title="bbox 1002 1478 1181 1519; baseline 0.017 -11"><span class='ocrx_word' id='word_1_169' title='bbox 1002 1478 1037 1509; x_wconf 90' lang='lat' dir='ltr'>In</span> <span class='ocrx_word' id='word_1_170' title='bbox 1065 1479 1181 1519; x_wconf 88' lang='lat' dir='ltr'>plateis</span> 
     </span>
     <span class='ocr_line' id='line_1_64' title="bbox 1045 1531 1477 1566; baseline 0.019 -10"><span class='ocrx_word' id='word_1_171' title='bbox 1045 1535 1195 1566; x_wconf 88' lang='lat' dir='ltr'>sponsum</span> <span class='ocrx_word' id='word_1_172' title='bbox 1223 1539 1284 1561; x_wconf 92' lang='lat' dir='ltr'>non</span> <span class='ocrx_word' id='word_1_173' title='bbox 1312 1531 1477 1564; x_wconf 84' lang='lat' dir='ltr'>inveniens</span> 
     </span>
     <span class='ocr_line' id='line_1_65' title="bbox 997 1573 1228 1607; baseline 0.013 -3"><span class='ocrx_word' id='word_1_174' title='bbox 997 1573 1054 1604; x_wconf 83' lang='lat' dir='ltr'>Est</span> <span class='ocrx_word' id='word_1_175' title='bbox 1081 1575 1228 1607; x_wconf 84' lang='lat' dir='ltr'>inventus</span> 
     </span>
     <span class='ocr_line' id='line_1_66' title="bbox 1046 1622 1435 1659; baseline 0.018 -7"><span class='ocrx_word' id='word_1_176' title='bbox 1046 1626 1077 1652; x_wconf 86' lang='lat' dir='ltr'>et</span> <span class='ocrx_word' id='word_1_177' title='bbox 1102 1622 1250 1655; x_wconf 84' lang='lat' dir='ltr'>inventus</span> <span class='ocrx_word' id='word_1_178' title='bbox 1275 1627 1435 1659; x_wconf 85' lang='lat' dir='ltr'>transiens</span> 
     </span>
     <span class='ocr_line' id='line_1_67' title="bbox 1094 1670 1480 1709; baseline 0.018 -8"><span class='ocrx_word' id='word_1_179' title='bbox 1094 1670 1249 1703; x_wconf 83' lang='lat' dir='ltr'>Custodes</span> <span class='ocrx_word' id='word_1_180' title='bbox 1275 1673 1307 1704; x_wconf 92' lang='lat' dir='ltr'>in</span> <span class='ocrx_word' id='word_1_181' title='bbox 1334 1675 1480 1709; x_wconf 88' lang='lat' dir='ltr'>ecclesia.</span> 
     </span>
    </p>
   </div>
   <div class='ocr_carea' id='block_1_35' title="bbox 995 1782 1481 2017">
    <p class='ocr_par' dir='ltr' id='par_1_36' title="bbox 995 1782 1481 2017">
     <span class='ocr_line' id='line_1_68' title="bbox 997 1782 1313 1825; baseline 0.016 -12"><span class='ocrx_word' id='word_1_182' title='bbox 997 1782 1136 1815; x_wconf 89' lang='lat' dir='ltr'>Ductilis</span> <span class='ocrx_word' id='word_1_183' title='bbox 1162 1791 1313 1825; x_wconf 84' lang='lat' dir='ltr'>argentea</span> 
     </span>
     <span class='ocr_line' id='line_1_69' title="bbox 1042 1831 1401 1877; baseline 0.019 -16"><span class='ocrx_word' id='word_1_184' title='bbox 1042 1831 1119 1863; x_wconf 86' lang='lat' dir='ltr'>tuba</span> <span class='ocrx_word' id='word_1_185' title='bbox 1145 1834 1258 1865; x_wconf 86' lang='lat' dir='ltr'>castris</span> <span class='ocrx_word' id='word_1_186' title='bbox 1285 1837 1401 1877; x_wconf 78' lang='lat' dir='ltr'>sonuit,</span> 
     </span>
     <span class='ocr_line' id='line_1_70' title="bbox 995 1878 1351 1916; baseline 0.02 -7"><span class='ocrx_word' id='word_1_187' title='bbox 995 1878 1090 1910; x_wconf 90' lang='lat' dir='ltr'>Cuius</span> <span class='ocrx_word' id='word_1_188' title='bbox 1118 1881 1351 1916; x_wconf 83' lang='lat' dir='ltr'>Ierichontinos</span> 
     </span>
     <span class='ocr_line' id='line_1_71' title="bbox 1041 1929 1448 1974; baseline 0.022 -17"><span class='ocrx_word' id='word_1_189' title='bbox 1041 1936 1148 1959; x_wconf 88' lang='lat' dir='ltr'>muros</span> <span class='ocrx_word' id='word_1_190' title='bbox 1175 1929 1306 1970; x_wconf 83' lang='lat' dir='ltr'>clangor</span> <span class='ocrx_word' id='word_1_191' title='bbox 1331 1933 1448 1974; x_wconf 85' lang='lat' dir='ltr'>obruit,</span> 
     </span>
     <span class='ocr_line' id='line_1_72' title="bbox 1089 1975 1481 2017; baseline 0.026 -11"><span class='ocrx_word' id='word_1_192' title='bbox 1089 1975 1208 2016; x_wconf 88' lang='lat' dir='ltr'>Vulpes</span> <span class='ocrx_word' id='word_1_193' title='bbox 1235 1979 1306 2010; x_wconf 85' lang='lat' dir='ltr'>tulit</span> <span class='ocrx_word' id='word_1_194' title='bbox 1333 1991 1352 2012; x_wconf 84' lang='lat' dir='ltr'>a</span> <span class='ocrx_word' id='word_1_195' title='bbox 1378 1983 1481 2017; x_wconf 87' lang='lat' dir='ltr'>vinea.</span> 
     </span>
    </p>
   </div>
   <div class='ocr_carea' id='block_1_36' title="bbox 992 2089 1390 2274">
    <p class='ocr_par' dir='ltr' id='par_1_37' title="bbox 994 2089 1238 2124">
     <span class='ocr_line' id='line_1_73' title="bbox 994 2089 1238 2124; baseline 0.02 -5"><span class='ocrx_word' id='word_1_196' title='bbox 994 2089 1082 2120; x_wconf 88' lang='lat' dir='ltr'>Inter</span> <span class='ocrx_word' id='word_1_197' title='bbox 1109 2095 1238 2124; x_wconf 86' lang='lat' dir='ltr'>cunctas</span> 
     </span>
    </p>

    <p class='ocr_par' dir='ltr' id='par_1_38' title="bbox 992 2136 1390 2274">
     <span class='ocr_line' id='line_1_74' title="bbox 992 2136 1234 2172; baseline 0.025 -5"><span class='ocrx_word' id='word_1_198' title='bbox 992 2136 1054 2168; x_wconf 90' lang='lat' dir='ltr'>Hic</span> <span class='ocrx_word' id='word_1_199' title='bbox 1079 2137 1234 2172; x_wconf 82' lang='lat' dir='ltr'>iucundas</span> 
     </span>
     <span class='ocr_line' id='line_1_75' title="bbox 1039 2184 1390 2224; baseline 0.026 -9"><span class='ocrx_word' id='word_1_200' title='bbox 1039 2184 1186 2219; x_wconf 84' lang='lat' dir='ltr'>Citharas</span> <span class='ocrx_word' id='word_1_201' title='bbox 1213 2189 1390 2224; x_wconf 75' lang='lat' dir='ltr'>Ierusalem</span> 
     </span>
     <span class='ocr_line' id='line_1_76' title="bbox 1038 2232 1366 2274; baseline 0.03 -11"><span class='ocrx_word' id='word_1_202' title='bbox 1038 2232 1151 2266; x_wconf 83' lang='lat' dir='ltr'>Sonuit</span> <span class='ocrx_word' id='word_1_203' title='bbox 1177 2237 1366 2274; x_wconf 78' lang='lat' dir='ltr'>clarissima.</span> 
     </span>
    </p>
   </div>
   <div class='ocr_carea' id='block_1_37' title="bbox 988 2347 1374 2492">
    <p class='ocr_par' dir='ltr' id='par_1_39' title="bbox 988 2347 1374 2492">
     <span class='ocr_line' id='line_1_77' title="bbox 992 2347 1358 2387; baseline 0.025 -9"><span class='ocrx_word' id='word_1_204' title='bbox 992 2347 1030 2379; x_wconf 93' lang='lat' dir='ltr'>ln</span> <span class='ocrx_word' id='word_1_205' title='bbox 1060 2359 1150 2382; x_wconf 88' lang='lat' dir='ltr'>suum</span> <span class='ocrx_word' id='word_1_206' title='bbox 1178 2352 1358 2387; x_wconf 88' lang='lat' dir='ltr'>cubiculum</span> 
     </span>
     <span class='ocr_line' id='line_1_78' title="bbox 988 2395 1352 2435; baseline 0.025 -9"><span class='ocrx_word' id='word_1_207' title='bbox 988 2395 1174 2432; x_wconf 77' lang='lat' dir='ltr'>Introduxit</span> <span class='ocrx_word' id='word_1_208' title='bbox 1198 2399 1352 2435; x_wconf 87' lang='lat' dir='ltr'>famulum</span> 
     </span>
     <span class='ocr_line' id='line_1_79' title="bbox 1036 2444 1374 2492; baseline 0.03 -16"><span class='ocrx_word' id='word_1_209' title='bbox 1036 2444 1132 2478; x_wconf 88' lang='lat' dir='ltr'>Suum</span> <span class='ocrx_word' id='word_1_210' title='bbox 1158 2448 1374 2492; x_wconf 86' lang='lat' dir='ltr'>philosophia.</span> 
     </span>
    </p>
   </div>
  </div>
 </body>
</html>
