1655 2713
656 152 913 188 —173—

142 244 202 276 5a.
235 244 445 285 Praepositus
480 246 555 279 hinc
578 252 750 291 crematur,
839 250 899 284 5b.
932 250 1022 282 Haec
1045 250 1211 290 immunis,
1239 251 1291 282 hic
1319 250 1448 283 combu-

233 292 344 324 Mater
369 297 459 326 casta
487 295 645 328 liberatur
1158 302 1236 338 stuS‚

284 340 336 373 Ab
362 342 446 382 ignis
471 343 641 386 incendi03
934 347 1014 379 Inde
1040 346 1101 379 fuit
1128 347 1231 380 dictus
1259 348 1364 380 Iustus

978 398 1009 428 A
1035 395 1118 428 iusto
1141 395 1270 429 iudicio.

139 489 201 522 6³.
234 490 425 524 Viennensis
453 492 618 526 diaconus.
839 496 902 529 eb.
935 496 998 527 Diu
1024 496 1107 528 rexit
1133 497 1313 534 ecclesiam,

235 538 462 579 Lugdunensis
488 541 541 572 hic
567 547 722 582 patronus
935 545 998 577 Sed
1027 545 1154 576 tandem
1182 554 1240 585 per
1266 544 1419 577 invidiam

283 587 426 620 Invictus
452 588 601 622 efficitur.
981 592 1154 624 Daemonis
1180 593 1371 633 expellitur:

137 688 196 720 7a.
229 688 334 721 Homo
361 690 491 730 quidam
518 691 680 724 insaniens
834 693 897 725 7b.
929 693 1056 733 Templi
1082 694 1163 733 petit
1190 693 1368 735 refugium3

231 737 443 778 Quamplures
469 739 676 778 interficiens,
928 741 1062 781 Templo
1089 740 1198 773 furens
1224 742 1410 773 incendium

281 785 365 818 Dum
400 796 528 819 sensum
563 792 745 828 recuperat,
977 789 1072 822 Plebs
1098 789 1219 821 inferre
1247 794 1412 830 properat.

135 885 193 918 8a.
225 886 346 918 Astans
381 887 426 919 ibi
455 888 580 920 Primor
613 885 743 928 quidam
828 889 891 924 8b.
924 890 1067 922 Credens
1086 892 1192 922 Iustus
1211 891 1320 922 reddit
1338 900 1438 928 reum,

229 934 335 967 Reddi
362 935 442 975 petit
469 936 661 967 homicidam
924 938 1019 970 Plebs
1045 937 1217 978 furensque
1244 939 1343 970 traxit
1368 948 1439 970 eum

275 984 305 1014 A
331 983 443 1014 mortis
469 984 624 1024 periculo.
972 985 1178 1026 Suspendens
1205 987 1360 1026 patibulo.

129 1085 189 1117 9a.
220 1084 312 1116 Alios
338 1084 509 1116 absolvens
533 1085 595 1117 sibi
828 1086 888 1119 9b.
919 1087 1203 1127 ApudMemphim
1217 1088 1289 1119 hinc
1301 1089 1438 1128 exsulat,

223 1132 352 1165 Crimen
378 1133 465 1165 istud
493 1134 561 1165 vult
587 1133 717 1173 ascribi,
923 1135 1019 1167 Suam
1046 1145 1172 1167 erucem
1200 1137 1252 1167 hic
1279 1137 1411 1175 baiulat‚

274 1181 339 1212 Sed
366 1190 427 1212 non
454 1191 544 1213 suum
572 1180 711 1217 facinus,
970 1183 1012 1216 Ut
1040 1185 1203 1223 praedixit
1229 1185 1394 1217 Dominus.

104 1291 189 1324 lOa.
221 1291 317 1330 Ecce,
347 1292 452 1323 Iustus
479 1293 570 1325 exsul
599 1292 714 1331 factus,
801 1294 844 1328 10
856 1294 887 1327 b.
919 1295 997 1326 Eius
1025 1293 1175 1335 frequens
1203 1296 1355 1333 imitator,

221 1340 339 1372 Aliena.
365 1341 460 1382 culpa
486 1345 602 1381 tactus,
922 1343 1046 1374 Fidelis
1073 1352 1189 1384 comes,
1218 1345 1341 1383 Viator,

219 1387 342 1427 Sponte
368 1398 435 1429 sua,
462 1399 524 1421 non
552 1395 692 1429 coactus,
923 1392 1052 1423 Itineris
1080 1393 1262 1424 consolator

270 1436 465 1469 Cathedram
493 1437 646 1470 deseruit.
970 1440 1084 1471 Exsuli
1110 1450 1171 1472 non
1199 1440 1314 1475 abfuit.

101 1548 140 1581 11
157 1557 186 1583 a.
219 1549 310 1581 Tunc
337 1557 431 1581 verus
459 1550 607 1581 Israelita
801 1550 841 1583 11
857 1550 887 1583 b.
921 1551 1013 1582 Licet
1036 1550 1153 1582 absens
1179 1554 1274 1592 esset,
1299 1555 1405 1582 tamen

219 1597 340 1629 Factus
365 1597 476 1629 firmus
503 1598 636 1629 eremita
920 1599 983 1630 Dat
1010 1599 1133 1630 civibus
1160 1599 1212 1630 hic
1238 1600 1386 1631 iuvamen

221 1645 298 1678 Cum
327 1644 484 1678 fratribus
510 1655 544 1678 se
571 1646 628 1679 dat
653 1646 699 1678 ita
918 1648 1092 1679 Assiduum
1121 1656 1179 1687 per
1205 1657 1376 1687 precamen

268 1694 311 1727 Ut
339 1703 450 1726 servus
477 1694 685 1728 humillimus,
968 1696 1009 1728 Ut
1036 1701 1147 1736 pastor
1171 1696 1355 1729 fidissimus.

100 1806 144 1839 12
155 1815 184 1840 a.
217 1807 412 1839 Antiochum
436 1806 627 1845 venientem,
800 1808 841 1841 12
856 1807 887 1840 b.
922 1807 1044 1838 viatori
1071 1812 1173 1839 morte
1199 1808 1285 1840 tristi

221 1855 255 1887 ln
280 1858 463 1896 Aegyptum
490 1864 524 1886 se
551 1859 736 1896 sequentem
919 1855 972 1888 Sic
999 1856 1166 1888 condolet:
1200 1857 1264 1895 ..Ut
1292 1856 1384 1888 fuisti

218 1904 442 1941 Praenunfiat,
471 1904 546 1944 quia
572 1909 712 1936 mentem
917 1905 1012 1936 Vitae
1039 1913 1162 1943 comes,
1201 1905 1284 1937 dono
1312 1905 1433 1938 Christi

271 1952 407 1985 Sanctus
432 1953 538 1993 replet
564 1953 707 1993 spiritus,
964 1953 1017 1985 sic
1042 1953 1106 1984 eris
1133 1958 1164 1984 et
1190 1954 1328 1987 exitus.“

99 2058 142 2092 13
155 2068 184 2092 a.
216 2059 744 2102 Clerus‚civesquaeruntIustum,
795 2059 879 2094 13b.
912 2061 1010 2098 Iuste,
1038 2060 1168 2100 praesul
1195 2060 1383 2099 reverende,

219 2109 272 2140 Ad
299 2109 403 2140 locum
431 2109 552 2142 solibus
578 2113 685 2141 ustum
916 2109 1128 2142 Precantibus
1155 2109 1390 2151 condescende,

219 2156 421 2197 Deferentes‚
448 2158 525 2190 inde
552 2157 680 2190 bustum
915 2157 982 2190 Nos
1008 2157 1135 2199 exaudi,
1163 2166 1220 2188 nos
1246 2158 1379 2188 attende

219 2205 339 2238 Locum
359 2206 479 2238 donant
497 2215 561 2238 non
579 2206 731 2238 iniustum
914 2207 957 2238 Et
983 2215 1002 2238 a
1028 2206 1113 2237 malo
1139 2215 1196 2237 nos
1225 2204 1363 2237 defende

267 2253 357 2288 Urbe
379 2264 436 2288 sua
462 2254 574 2288 nobili.
965 2255 1100 2287 Precatu
1126 2253 1292 2294 placabili.

174 2359 258 2388 Miss.
287 2361 487 2398 Lugdunense
516 2362 587 2397 imp.
616 2360 757 2394 Lugduni
785 2358 868 2388 1524.
894 2361 928 2388 A.
957 2376 994 2380 —
1016 2361 1100 2387 Miss.
1130 2359 1329 2395 Lugdunense
1358 2360 1427 2396 imp,

96 2398 234 2435 Lugduni
263 2397 346 2428 1530.
375 2401 408 2428 B.
429 2415 465 2419 —
488 2400 571 2428 Miss.
600 2398 800 2436 Lugdunense
828 2401 897 2436 imp.
927 2399 1066 2436 Lugduni
1098 2397 1180 2426 1556.
1210 2399 1240 2426 C.
1263 2413 1299 2416 —
1322 2398 1384 2430 5a,
1411 2397 1430 2426 2

96 2438 187 2466 Casta
207 2441 302 2467 mater
322 2441 355 2468 B.
373 2453 412 2458 —
432 2437 487 2473 8a,
509 2437 528 2467 3
550 2440 612 2466 Abs
635 2439 692 2466 BC.
714 2453 751 2457 —
772 2437 835 2471 9b,
860 2438 873 2466 1
895 2439 952 2466 huc
974 2438 1091 2465 exsulat
1112 2439 1143 2465 B.
1165 2453 1203 2458 —
1227 2435 1261 2464 12
1272 2437 1300 2470 b,
1325 2436 1337 2464 l
1361 2438 1430 2465 Via-

97 2477 170 2505 toris
191 2477 222 2506 C.
243 2493 282 2498 —
304 2477 340 2506 13
350 2486 376 2513 a,
400 2477 413 2506 1
436 2482 584 2515 quaerunt
604 2479 694 2505 istum
714 2477 801 2506 ABG.
822 2492 859 2497 —
879 2478 955 2506 Mel:
979 2477 1106 2505 Lauda
1135 2477 1236 2504 Sion.
