1655 2713
713 169 975 205 ——148—

205 270 264 301 Ga.
298 268 471 308 Presbyter
497 268 548 300 hic
574 266 758 305 cardinalis,

301 318 399 356 Quem
434 325 491 347 nec
517 315 654 356 dignitas
680 314 805 354 papalis

345 364 471 404 Movet3
506 363 580 403 quin
615 361 805 403 Byzantium

234 469 261 491 a.
295 459 384 499 Quod
412 458 541 500 didicit,
571 458 629 489 hoc
656 456 803 497 perfecit,

296 507 377 538 Arta
404 506 469 537 vita
494 514 528 537 se
553 505 691 537 confecit

346 554 546 593 Quadrennis
561 562 618 593 per
629 553 799 592 desertum,

206 650 262 680 Sa.
295 648 480 680 Bethlehem
508 652 578 687 post
605 649 682 680 haec
702 649 805 681 adivit

298 696 340 727 Et
364 697 546 737 Aegyptum
574 697 781 736 pertransivit

349 743 511 784 Signando
537 751 663 784 patrum
689 745 781 778 vitas,

891 266 954 300 6b.
987 266 1084 307 Fugit
1109 267 1196 308 apud
1223 267 1440 308 Nazarenum,

988 314 1053 348 Ubi
1079 315 1180 347 traxit
1201 315 1348 348 haustum
1368 315 1499 356 plenum

1034 363 1126 394 Artis
1151 372 1187 395 se
1209 364 1414 398 salvantium.

890 457 950 491 7b.
984 457 1027 490 Ut
1054 460 1224 499 temptatio
1250 464 1319 492 terr
1350 460 1428 502 tris,

983 506 1136 538 Visitatio
1163 508 1312 540 caelestis

1033 554 1206 587 Examinet
1231 558 1411 596 expertum.

889 648 952 682 8b.
989 650 1116 682 Literas
1142 650 1211 682 sine
1235 650 1386 691 figmento

987 697 1102 729 sacras
1113 697 1270 730 transfert
1281 703 1311 730 et
1319 704 1499 732 commento

1034 746 1171 785 Proprio
1198 747 1375 782 redimitas.

204 843 263 870 aa.
298 838 456 877 Hebraeo,
485 838 618 878 Graeco,
646 840 762 871 Latino
890 840 942 872 9b
946 867 1416 877 .........

299 886 341 917 Et
369 886 541 918 Chaldaico
568 887 675 919 divino
986 913 1412 926 ........

349 933 499 965 Sermone
524 933 616 965 floret
641 935 756 967 clarus.
1046 961 1413 972 .......

181 1029 222 1060 10
238 1038 266 1060 a.
299 1029 350 1066 Os,
377 1028 640 1069 medulla,‚car0‚
668 1030 748 1061 cutis
867 1031 909 1063 10
921 1030 953 1063 b.
984 1031 1167 1070 Deportans
1195 1033 1301 1073 exegit
1326 1039 1452 1066 centum

301 1075 379 1106 Sunt
406 1076 568 1113 exhausta,
598 1077 645 1108 vir
670 1078 780 1109 salutis
981 1079 1138 1118 centuplo
1164 1081 1254 1112 lucro
1280 1082 1435 1114 talentum

346 1124 477 1155 Praeter
487 1124 623 1155 animum
637 1122 698 1166 (et)
709 1126 822 1158 sernis.
1031 1127 1073 1158 Et
1100 1128 1241 1167 iungitur
1266 1131 1424 1169 supernis.

179 1218 259 1250 lla.
293 1217 342 1249 Ibi
368 1218 469 1249 laetus
868 1222 907 1253 11
921 1220 951 1254 b.
983 1221 1026 1253 Ut
1053 1232 1110 1253 nos
1135 1223 1225 1262 sequi

299 1265 386 1296 Inter
412 1270 518 1296 coetus
985 1269 1092 1308 Mites‚
1119 1270 1223 1312 aequi⁷

342 1313 536 1352 Angelorum
1032 1318 1116 1348 Puro
1143 1319 1239 1350 corde

345 1360 387 1391 Et
413 1364 593 1392 sanctorum
1030 1364 1103 1396 Sine
1129 1366 1227 1398 sorde

393 1407 524 1448 Semper
547 1417 606 1447 pro
623 1408 715 1440 uobis
734 1419 800 1451 ora,
1077 1413 1172 1445 Brevi
1207 1415 1364 1454 possimus
1392 1425 1491 1449 mora.

253 1501 335 1528 Miss.
358 1510 408 1528 ms.
430 1502 655 1529 Neerlaudicum
677 1505 745 1530 anni
770 1502 850 1531 1486.
873 1505 942 1532 Cod.
967 1506 1041 1533 Mus.
1065 1508 1233 1536 Hal-lemen.
1258 1507 1320 1536 124.
1342 1524 1379 1528 —
1394 1508 1449 1541 3a,
1471 1509 1491 1538 3

178 1539 311 1565 Υῑνεῃῐυ.
333 1556 367 1559 —
393 1538 426 1567 10
438 1548 463 1574 a,
486 1538 503 1567 3
524 1541 618 1568 bleibt
639 1542 886 1570 unverstandlich.

587 1690 647 1721 158.
687 1691 728 1721 De
751 1693 860 1722 saneto
883 1692 1078 1733 Hieronymo.

200 1787 215 1818 1
231 1795 259 1819 a.
290 1787 476 1819 Exaltemus
502 1789 662 1829 Ieronymi

295 1834 422 1875 Merita,
449 1836 562 1875 quibus
588 1837 716 1869 Domini

340 1883 518 1914 Promeruit
544 1885 687 1924 gloriam,

197 1978 255 2010 2a.
287 1977 349 2008 Hic
374 1978 513 2011 imbutus
539 1979 661 2011 artibus

293 2025 392 2057 Plene
418 2026 604 2059 liberalibus

338 2073 455 2114 Legem
480 2074 541 2106 Dei
567 2075 706 2117 studuit3

196 2168 254 2199 ὅτι.
286 2168 348 2199 Hic
373 2169 546 2209 aliquando
572 2175 704 2204 vexatus

292 2216 405 2248 Carnis
431 2218 560 2250 stimulo
586 2223 718 2252 conatus

337 2264 397 2296 Est
410 2265 494 2297 hunc
506 2267 634 2306 penitus
646 2266 794 2310 frangere

191 2360 250 2392 4a.
283 2359 510 2395 Verumtamen
543 2363 618 2395 huic
649 2364 793 2398 Platonis

283 2407 399 2442 Libros
424 2412 520 2452 atque
546 2411 709 2445 Ciceronis

329 2456 434 2499 Magis
459 2459 610 2499 placebat
634 2461 754 2504 legere.

886 1792 945 1827 lb.
977 1794 1021 1826 Ut
1058 1795 1154 1826 vitam
1184 1801 1280 1836 atque
1307 1798 1488 1833 doctrinam

978 1842 1057 1874 Eius
1082 1848 1250 1883 sequentes
1277 1845 1418 1879 divinam

1025 1890 1208 1923 Mereamur
1233 1895 1380 1933 gratiam.

883 1983 943 2018 2b.
975 1985 1035 2025 Qui
1061 1994 1131 2017 cum
1157 1996 1278 2021 summo
1304 1991 1412 2024 studio

977 2033 1021 2064 Et
1046 2034 1156 2066 labore
1181 2036 1279 2069 nimio

1024 2081 1163 2114 Bibliam
1189 2087 1377 2125 composuit.

881 2176 941 2210 3b.
976 2177 1107 2209 Ieiuniis
1134 2187 1171 2210 ac
1197 2180 1339 2213 lacrimis

975 2226 1080 2265 Atque
1105 2228 1217 2266 poenis
1243 2230 1409 2263 acerrimis

1022 2272 1063 2305 Se
1088 2279 1236 2316 satagens
1262 2276 1428 2320 adfligere.

875 2368 939 2402 4b.
968 2370 1074 2410 Quare
1099 2372 1190 2411 gravi
1216 2371 1308 2406 febre
1333 2362 1467 2421 tactus,—

973 2417 1105 2450 Sursum
1131 2420 1174 2452 ad
1201 2421 1342 2455 tribunal
1360 2428 1486 2460 tractus

1019 2466 1110 2499 Tunc
1133 2473 1262 2502 coactus
1288 2476 1337 2504 est
1365 2474 1486 2518 dicere,
