1655 2713
196 254 240 287 10
254 264 282 287 a.

194 493 233 525 11
252 502 281 524 a.

735 158 974 194 ..38-

314 255 449 287 Demum
476 256 674 288 horribiliter

314 303 380 340 igni
407 309 617 345 concremata,

313 350 418 382 hostia
443 351 564 383 Christi

315 399 473 430 exsistens
498 397 713 435 immaculata,

313 493 338 525 Ο
365 497 488 532 martyr
512 492 695 532 Anastasia,

312 541 362 572 Sis
389 540 481 571 nobis
507 548 590 570 nuuc
615 539 757 578 propitia

885 255 929 287 10
946 253 978 287 b.
1009 254 1265 287 Immortalitatis
1290 255 1375 288 stola

1004 310 1081 333 vere
1105 301 1221 334 induta

1001 349 1034 381 in
1061 349 1159 380 caelis
1185 349 1304 390 gaudet

1002 401 1154 429 coronata
1179 406 1238 437 per
1263 397 1402 429 saecula.

881 492 922 524 11
941 492 972 527 b.
1003 493 1047 525 Et.
1073 493 1218 533 Christo,
1243 473 1355 525 nostra
1381 493 1516 526 crimina

998 541 1043 574 Ut
1053 541 1305 581 solvat‚semper
1317 542 1517 576 commenda.

266 634 349 660 Missi.
372 642 423 659 ms.
447 633 754 660 Benedictoburanum
776 642 853 661 saec.
878 632 920 661 15.
944 634 1016 661 Clm.
1039 635 1194 663 Monacen.
1217 633 1303 663 4548.
1326 636 1360 663 A.
1379 651 1413 655 —
1428 637 1514 664 Miss.

189 681 242 698 mS.
272 671 573 698 Benedictoburanum
603 680 671 699 saec
711 670 753 699 15.
781 672 853 700 Clm.
881 673 1035 700 Monacen.
1063 672 1148 702 4553.
1172 675 1204 701 B.
1235 689 1267 694 —-
1293 675 1351 702 Die
1378 675 1515 712 Sequenz

190 710 281 736 bietet
308 711 373 736 eine
403 711 598 737 interessante
618 710 836 745 Vei-mischung
855 711 907 738 der
929 711 1178 747 Sequenzenform
1200 717 1293 741 erater
1313 714 1374 741 und
1395 715 1517 742 zweiter

187 747 324 783 Epoche3
347 749 393 775 bei
415 748 465 775 der
487 749 733 784 Sequenzenform
757 753 849 776 erster
869 750 990 786 Epoehe
1010 751 1079 783 (Str.
1101 750 1209 786 5-10)
1229 752 1269 779 ist
1288 752 1337 779 die
1352 753 1518 790 Abteilung

188 787 240 813 der
261 786 524 822 Strophenglieder
545 787 677 814 schlecht
696 787 895 824 gehandhabt.

216 1066 278 1097 la.
311 1065 414 1106 Super
452 1069 588 1096 mentem
624 1066 818 1097 exsultemus

213 1257 275 1287 2a.

213 1446 276 1477 3a.

212 1637 276 1668 4a.

209 1828 273 1858 52.

207 2066 271 2097 6a.

206 2305 268 2337 7a.

624 957 671 987 34.
713 957 755 987 De
777 957 895 988 sanctis
917 957 1059 997 Angelis.

308 1113 351 1144 Et
377 1117 558 1144 sanctorum
586 1113 782 1144 celebremus

356 1161 551 1200 Angelorum
579 1161 722 1200 gloriam.

308 1255 344 1286 In
371 1258 421 1285 ter
446 1255 531 1286 trina
556 1255 716 1287 ierarchia

305 1303 417 1334 Dulcis
444 1306 535 1334 sonat
562 1303 735 1344 harmonia,

357 1350 442 1381 Laus
468 1350 749 1390 superlaudabilis,

309 1444 498 1476 Extendunt
524 1443 663 1484 fulgidas

307 1492 539 1532 Intelligentias

352 1540 388 1571 In
416 1548 522 1571 veram
541 1540 812 1579 pulchritudinem

311 1635 473 1667 Feruntur
499 1634 626 1666 fortiter

305 1682 347 1714 Et
373 1681 576 1714 uniformiter

356 1730 394 1761 In
421 1730 495 1761 boni
519 1731 761 1774 plenitudinem,

303 1825 425 1856 Ferunt
450 1825 586 1865 insignia

353 1872 499 1905 Fontalis
526 1874 619 1915 radii,

303 1921 419 1952 Velant
445 1922 580 1961 vestigia

352 1969 549 2001 Conscensus
574 1970 663 2008 invii,

304 2065 500 2096 Daemonum
526 2065 587 2096 iam
614 2066 738 2097 noverit

349 2112 459 2144 Turba
483 2113 678 2153 turbulenta,

302 2161 400 2200 Quam
427 2161 528 2192 lucem
554 2160 734 2202 perdiderit

350 2208 474 2241 Cadens
500 2209 532 2240 in
558 2212 727 2241 tormenta.

301 2305 417 2337 Omnes
443 2304 559 2336 damna
585 2305 715 2345 lugeant

348 2352 446 2384 Ducis
471 2353 644 2394 tenebrosi,

301 2400 467 2433 Strideant
492 2406 522 2433 et
548 2401 686 2433 ardeant

346 2448 481 2481 Sibimet
505 2450 605 2484 exosi.

903 1067 919 1099 1
937 1066 968 1099 b.
999 1067 1059 1105 Qui
1086 1077 1155 1099 cuin
1182 1067 1251 1100 Deo
1278 1074 1513 1103 conversantur

995 1114 1039 1146 Et
1061 1115 1228 1154 praeclare
1248 1118 1508 1157 contemplantur

1044 1163 1125 1194 Eius
1151 1164 1353 1203 sapientiam.

903 1258 922 1289 2
938 1256 969 1289 b.
1002 1257 1163 1298 Spargens
1188 1263 1295 1290 aestus
1314 1264 1344 1291 et
1364 1259 1510 1302 fulgores

997 1305 1076 1336 Suos
1103 1307 1206 1345 replet
1232 1307 1418 1341 laudatores

1044 1353 1113 1384 Lux
1139 1354 1380 1389 inaccessibilis.

901 1447 965 1480 3b.
997 1448 1041 1480 Et
1067 1449 1310 1490 superfervidas

993 1496 1276 1537 Concupiscentias

1041 1546 1078 1577 ln
1117 1546 1256 1578 divinam
1289 1548 1508 1584 dulcedinem,

897 1639 964 1672 4b.
996 1642 1116 1672 Amant
1142 1644 1352 1675 communiter

992 1687 1035 1719 Et
1061 1689 1267 1728 singulariter

1040 1736 1155 1768 Totum
1183 1739 1446 1773 desiderabilem.

896 1833 914 1863 5
931 1830 963 1863 b.
994 1830 1070 1863 Cum
1098 1842 1157 1872 per
1183 1833 1329 1866 deificam

1037 1879 1275 1914 Beatitudinem

990 1927 1117 1960 Intrant
1142 1930 1298 1963 lucificam

1038 1975 1098 2007 Dei
1124 1979 1303 2019 caliginem.

894 2069 960 2103 6b.
992 2071 1098 2104 Ferox
1124 2074 1220 2107 turba
1246 2074 1343 2108 feriat.

1036 2120 1158 2153 Ducem
1184 2124 1402 2164 seducentem,

987 2168 1062 2200 Dux
1089 2169 1122 2201 in
1148 2171 1274 2203 turbam
1301 2174 1426 2206 saeviat

1035 2216 1108 2248 Non
1136 2218 1386 2256 dissuadentem.

894 2310 911 2341 7
927 2309 958 2343 b.
991 2310 1125 2343 Cessent
1150 2323 1208 2345 nos
1233 2315 1392 2356 impetere

1034 2358 1106 2391 Non
1132 2370 1152 2392 a
1176 2362 1268 2394 nobis
1293 2365 1384 2406 laesi,

986 2405 1122 2439 Discant
1148 2418 1182 2440 se
1208 2410 1382 2445 confodere

1034 2454 1214 2489 Caedentes
1239 2463 1272 2490 et
1297 2462 1397 2495 caesi.
