1655 2713
695 153 930 188 -90-

181 254 240 284 5a.
271 252 355 283 Hinc
381 252 522 283 indultus
865 249 927 282 5b.
959 248 1008 280 Ne
1037 249 1115 288 quid
1140 248 1260 287 tardet,

271 300 331 332 Est
358 300 408 331 hic
434 299 546 341 cultus,
959 288 1099 337 Lampas
1125 297 1230 337 ardet,

323 347 392 378 Hoc
417 347 541 379 decoris
1010 345 1207 376 incentivum

321 395 425 426 Habet
451 394 540 433 foris,
1007 393 1071 425 Dat
1094 393 1212 424 olivum

368 443 430 474 Sed
457 442 496 473 ab
522 442 607 473 intus
633 441 745 480 gloria.
1054 441 1253 481 Nuptiarum
1280 440 1416 480 gaudia..

179 555 237 585 6a.
270 553 346 591 Igne
373 556 482 582 sancto
509 559 603 582 carne
629 549 703 588 fixa,
867 550 928 584 ob.
961 550 1165 588 Coniugalem
1191 550 1361 582 animalem

275 599 472 638 corruptelis
498 598 659 637 crucifixa,
962 597 1137 630 Lucrifecit
1161 602 1191 630 et
1217 598 1353 630 subiecit

320 646 452 679 Caelebs
478 647 508 677 in
537 646 681 678 convivio
1005 646 1099 679 Fidei
1126 646 1290 687 mysterio.

180 757 237 788 7a.
269 756 383 795 Sponsi
411 755 543 787 fratrem
571 756 765 795 conlucrata,
867 756 884 788 7
903 756 930 788 b.
964 755 1017 787 Sic
1042 760 1227 787 transcursa
1245 756 1355 787 mundi
1374 756 1478 794 luctar

272 804 353 834 Fide
380 804 496 843 passim
524 808 710 845 propagata,
963 804 1023 835 Per
1047 809 1212 843 angustum
1240 804 1302 835 iter
1328 804 1424 836 ducta

321 851 488 882 Almachio
515 852 673 890 mancipio
1010 851 1119 883 Satum
1147 852 1300 883 maeroris
1327 852 1424 884 anxio

320 898 416 930 Necis
444 899 579 931 donatur
607 899 725 930 bravio.
1007 899 1158 930 Fructum
1184 900 1274 930 metit
1292 899 1324 930 in
1343 900 1472 940 gaudiot

181 1009 200 1040 8
213 1017 241 1039 a.
273 1007 422 1039 Nostrum
439 1016 563 1038 cursum
580 1008 675 1038 ducat
689 1017 825 1047 sursum,
870 1008 931 1041 8b.
964 1008 1028 1041 Ubi
1055 1008 1137 1039 bono
1163 1009 1315 1049 singulari

274 1056 319 1088 Ut
345 1055 471 1094 expleta
499 1064 608 1086 cursus
634 1060 716 1086 meta
960 1056 1060 1087 Nobis
1087 1057 1190 1096 palam
1217 1057 1338 1094 satiari,

320 1103 484 1134 Absolutis
510 1102 550 1133 ab
577 1103 708 1134 occultis
1007 1104 1110 1136 Unum
1126 1105 1243 1135 trinum
1261 1105 1475 1144 contemplari

369 1150 431 1181 Det
457 1155 587 1181 ovantes
613 1150 756 1182 sabbata.
1052 1151 1113 1182 Dei
1141 1152 1217 1183 dent
1243 1152 1448 1184 charismata.

577 1260 610 1291 9.
638 1260 741 1290 Amen
768 1260 876 1290 dicant
901 1260 1016 1292 omnia.

236 1365 323 1392 Grad.
351 1375 402 1392 ms*
424 1366 574 1392 Xantense
602 1367 671 1392 anni
702 1365 783 1393 1525.
807 1367 876 1394 Cod.
899 1368 993 1403 Capit.
1015 1367 1142 1395 Xanten.
1169 1378 1191 1395 s.
1220 1378 1247 1396 n.
1269 1370 1303 1396 A.
1325 1386 1360 1389 —
1383 1370 1471 1397 Grad.

156 1412 207 1429 ms.
241 1404 500 1430 Francia-anorum
529 1406 558 1430 in
588 1404 663 1430 Hfils
691 1413 765 1431 saec.
797 1404 839 1432 15.
859 1406 1080 1438 (Privatbesitz)
1099 1407 1132 1433 B.
1154 1421 1190 1425 —
1212 1407 1344 1434 Oration.
1367 1417 1420 1434 ms.
1443 1408 1472 1435 S.

156 1441 302 1468 Caeciliae
333 1442 483 1468 Colonien.
512 1451 586 1469 saec.
618 1442 659 1469 15.
682 1443 749 1470 cod.
773 1443 924 1470 Colonien.
957 1444 981 1471 l.
1003 1444 1034 1471 C.
1057 1459 1087 1464 —
1114 1442 1173 1477 3a,
1203 1444 1216 1472 1
1240 1446 1356 1481 Sponsa
1378 1448 1411 1473 Α.
1437 1461 1468 1464 -

154 1477 206 1510 31),
229 1477 246 1506 3
262 1480 402 1514 Properet
416 1481 448 1506 B.
470 1495 507 1499 —
527 1479 578 1512 5a,
604 1480 615 1506 1
641 1481 758 1507 indutus
774 1482 832 1508 ΑΒ.
854 1497 891 1501 —
914 1481 965 1515 6³,
990 1481 1002 1508 1
1019 1491 1087 1510 caro
1103 1484 1135 1510 B.
1150 1498 1187 1501 —
1203 1482 1253 1515 Ta,
1280 1484 1291 1510 l
1309 1485 1473 1511 colluctata

155 1517 184 1544 C.
211 1532 247 1535 —-
275 1518 333 1549 Sa,
362 1518 379 1544 3
400 1518 558 1545 Absolutos
581 1520 614 1545 A.
642 1534 678 1538 —
705 1520 764 1551 aa,
790 1518 807 1546 4
829 1521 887 1547 Det
913 1522 1064 1548 inventum
1087 1522 1117 1548 C.
1141 1537 1177 1541 —
1198 1522 1340 1549 Melodie:
1366 1523 1475 1552 Mane

154 1557 271 1590 prima
298 1556 457 1582 sabbati.

600 1715 641 1746 91.
682 1715 724 1746 De
747 1717 854 1747 sancta
877 1717 1020 1748 Caecilia.

182 1818 241 1851 la.
274 1818 387 1849 Vocem
415 1818 518 1850 laudis
544 1820 728 1857 exaltemus,
869 1821 930 1854 lb.
962 1821 1117 1863 Sponsum
1149 1823 1215 1855 eius
1241 1833 1303 1855 non
1330 1825 1477 1866 inanumr

277 1865 367 1896 Diem
395 1865 509 1897 festum
537 1866 725 1898 honoremus
964 1870 1096 1901 Beatum
1122 1871 1339 1913 Valerianum,

323 1914 461 1953 Virginis
488 1915 664 1954 Caeciliae3
1010 1917 1159 1950 Laudent
1184 1919 1259 1951 Sion
1285 1920 1386 1954 filiae.

178 2024 237 2055 2³.
273 2023 333 2054 Hic
358 2027 405 2053 est
431 2023 486 2054 ille
512 2024 682 2063 singularis
865 2025 927 2058 2b.
961 2027 1020 2059 Cui
1046 2028 1135 2068 virgo
1162 2029 1377 2070 desponsatur

274 2070 327 2101 Sol
352 2071 517 2102 illustrans
541 2072 666 2102 stellam
685 2072 781 2104 maris
959 2075 1003 2106 Et
1028 2075 1090 2106 sibi
1116 2075 1340 2110 confabulatur

321 2118 494 2149 Lucentem
520 2119 552 2150 in
579 2119 687 2160 iubilo,
1008 2123 1120 2155 Noctis
1146 2129 1221 2156 tunc
1245 2126 1278 2158 in
1305 2127 1427 2161 nubilo.

178 2229 234 2261 3a.
267 2228 337 2267 Dic,
366 2229 485 2270 Valeri,
512 2229 590 2269 quid
617 2229 735 2261 audisti
864 2231 929 2264 ab.
961 2232 1032 2274 Dic,
1062 2234 1180 2277 Valeri,
1205 2236 1283 2276 quid
1310 2238 1432 2270 audisti

271 2276 429 2317 Alloquen
435 2277 475 2308 do
481 2287 630 2317 sponsam
638 2277 779 2310 Christi?
958 2281 1163 2322 Alloquendo
1169 2293 1319 2324 sponsam
1329 2286 1473 2319 Christi?

272 2343 363 2375 Hanc
393 2344 501 2376 audivi
527 2345 573 2376 sic
600 2345 779 2378 di‹:emem:
963 2348 1043 2390 „Est
1059 2355 1228 2390 secretum,
1247 2353 1333 2392 quod
1352 2355 1472 2398 revelo,

279 2392 375 2431 „Zelo
400 2393 499 2424 multo
525 2397 717 2424 metuentem
961 2397 1080 2436 Optimi
1107 2401 1225 2431 amoris
1250 2401 1315 2432 telo

321 2439 433 2472 Habeo
458 2440 717 2481 archangelum“.
1008 2445 1102 2478 Caste
1129 2448 1297 2481 vulnerata
1324 2450 1426 2484 sum.“
