1655 2713
693 173 953 209 —263—

156 264 239 297 lOa.
277 261 433 306 „Sacra“‚
460 267 576 308 inquit,
607 278 727 311 „regna

275 321 372 346 cerno
398 315 563 355 patefacta

273 362 405 404 caelica,

274 411 437 443 Iustorum
463 414 593 453 agmina

277 458 442 492 Christum
468 461 637 495 laudantia
663 464 769 496 omnia

276 507 309 538 in
336 509 533 549 sempiterna
559 512 698 551 saecula,

152 579 192 611 11
207 587 237 612 a.
269 576 315 613 Ut
340 580 441 621 impia

270 628 351 660 haec
377 630 503 662 audivit
528 631 636 671 turba,

273 682 405 716 quassat
433 677 590 718 Stephani

272 725 416 758 membra
441 727 572 768 valida;

153 797 195 828 12
207 806 237 829 a.
273 794 374 830 Ymni
401 799 541 832 melodia

271 850 315 885 te,
344 846 483 886 Christe,
512 848 675 880 collaudat

853 273 896 306 10
911 272 942 308 b.
975 269 1168 314 Tergentem
1196 274 1330 306 crimina

974 323 1092 362 lesum,
1116 324 1149 354 in
1175 323 1313 355 dextera

972 375 1109 410 paterna

975 418 1131 458 Stantem,
1158 419 1296 452 mirifica

975 467 1095 499 clarum
1122 468 1250 499 intueor
1278 477 1395 500 corona

974 524 1089 556 magna
1115 525 1240 556 quoque
1268 514 1442 557 potentia.“

852 588 891 620 11
907 587 938 620 b.
971 584 1153 620 Xristicola

971 640 1035 667 stat
1062 636 1156 669 fortis
1182 642 1214 668 et
1239 644 1320 680 orat,

970 683 1054 716 felix·
1076 686 1222 725 praemia

969 733 1051 772 petit
1077 737 1218 766 aeterna.

852 803 937 836 121).
969 801 1048 837 Zelo
1074 810 1184 837 nostra
1211 806 1289 838 tuba

971 856 1025 884 tuo
1050 854 1249 893 plenissima.

567 921 620 953 13.
648 921 752 953 Huius
777 923 881 962 patris
908 932 967 963 per
993 929 1103 956 sancta

642 970 758 1002 merita
784 980 852 1012 nos,
880 972 966 1013 Iesu,
993 973 1092 1006 salva.

225 1037 315 1072 Trop.
338 1046 390 1064 ms.
413 1039 596 1067 Nivemense
618 1048 694 1067 saec.
723 1039 765 1067 11.
788 1040 858 1068 Cod.
880 1042 1009 1070 Parisin.
1031 1042 1115 1071 9449.
1138 1060 1174 1063 —
1196 1045 1252 1077 Sa,
1274 1044 1291 1071 ἶ),

1313 1046 1481 1082 Stephanus

148 1076 212 1102 iste.
234 1091 272 1095 —
295 1076 442 1104 Melodie:
463 1078 584 1106 Aulae
613 1087 806 1114 supernae
832 1080 928 1110 {Anah
952 1081 1061 1117 Hymn.
1084 1084 1150 1115 vll,
1174 1085 1222 1111 ΧΓ.
1248 1084 1320 1113 163».

569 1190 636 1222 295.
679 1191 722 1222 De
745 1195 856 1224 sancto
878 1194 1050 1234 Stephano.

168 1264 226 1303 ia.
258 1269 345 1301 Rosa
370 1279 485 1302 novum
519 1271 599 1303 dans
625 1273 757 1304 odorem

261 1318 314 1349 Ad
341 1323 488 1350 ornatum
515 1321 703 1360 ampliorem

311 1366 431 1407 Regiae
457 1368 605 1400 caelestis

163 1439 222 1471 2a.
255 1438 364 1470 Genus
383 1449 519 1480 nequam
538 1445 569 1473 et
586 1441 773 1482 infaustum,

259 1487 320 1527 Qui
347 1496 381 1519 se
407 1488 484 1520 fecit
511 1490 742 1529 holocaustum,

309 1535 422 1568 Afficit
449 1537 582 1579 indigne

162 1657 222 1690 3a.
255 1656 382 1690 Gaudet
411 1667 508 1691 carne
535 1665 724 1701 purpurata,

260 1705 364 1739 Flexo
391 1716 483 1749 genu,
513 1718 590 1740 voce
616 1714 709 1751 grata

306 1755 370 1787 Pro
397 1755 527 1788 Iudaeis
554 1766 660 1797 orans,

159 1828 224 1860 4a.
258 1827 473 1860 Constitutum
498 1830 531 1862 in
558 1840 616 1871 spe
643 1836 731 1864 certa

257 1876 417 1909 Certiorat
444 1887 501 1910 rex
527 1884 652 1919 aperta,

303 1925 439 1964 Quando
466 1927 572 1960 Iesum
600 1929 682 1960 vidit

159 1999 218 2030 5a.
251 1997 323 2030 Uva
351 1999 428 2031 data
453 2001 609 2033 torculari

253 2047 331 2079 Vult
357 2049 519 2088 pressuris
546 2050 714 2093 maculari,

301 2095 351 2128 Ne
376 2097 419 2128 sit
443 2095 640 2141 infecunda3

155 2168 174 2201 6
185 2177 214 2202 a.
246 2168 325 2209 NOS,
341 2170 394 2210 qui
410 2170 522 2202 mundi
538 2179 598 2211 per
608 2171 771 2204 desertum

251 2217 424 2258 Agitamur
448 2218 481 2250 in
507 2219 679 2260 incertum,

299 2265 501 2307 Stephanum
527 2277 709 2309 sequamur,

865 1275 925 1308 lb.
956 1276 1009 1308 Ab
1036 1279 1187 1318 Aegypto
1214 1285 1394 1323 revocatur,

961 1325 1054 1357 Illum
1078 1327 1168 1366 sequi
1195 1328 1385 1368 gratulatur,

1008 1375 1105 1407 Cuius
1133 1380 1203 1407 erat
1229 1377 1329 1408 testis.

860 1446 879 1477 2
891 1444 922 1478 b.
956 1446 1050 1483 Eum,
1071 1448 1157 1487 quod
1175 1448 1207 1479 in
1223 1449 1393 1481 Christum
1410 1459 1477 1482 cre-

1186 1497 1231 1528 dit

957 1543 986 1574 A
1013 1552 1075 1582 quo
1105 1548 1212 1576 tamen
1236 1520 1301 1577 non
1329 1547 1456 1579 recedit

1007 1591 1170 1624 Passionis
1198 1593 1281 1633 igne.

860 1663 922 1696 3b.
956 1665 1001 1698 Ut
1027 1674 1090 1696 non
1118 1666 1182 1697 illis
1209 1667 1398 1707 imputetur,

954 1713 1035 1753 Quia
1062 1715 1162 1753 gratis
1190 1720 1368 1757 pateretur,

1004 1760 1144 1794 Facinus
1171 1764 1334 1805 ignorans.

857 1833 922 1867 4b.
957 1835 1101 1868 Stantem
1129 1838 1231 1876 patris
1259 1838 1290 1869 in
1318 1839 1448 1879 virtute,

953 1883 1044 1916 Tunc
1055 1885 1096 1916 ad
1108 1890 1232 1925 petram
1245 1896 1392 1927 pugnans
1405 1891 1473 1920 tute

998 1933 1155 1966 Parvulos
1182 1935 1302 1968 allidit.

858 2003 921 2038 5b.
953 2005 1083 2047 Martyr
1109 2010 1200 2048 optat
1228 2012 1321 2047 petra
1348 2009 1409 2040 teri

957 2053 1068 2086 Sciens
1096 2065 1209 2087 munus
1237 2057 1390 2097 adaugeri

1006 2103 1178 2144 Sanguinis
1205 2105 1236 2136 in
1264 2105 1361 2140 unda.

858 2173 920 2209 6b.
952 2175 997 2208 Ut
1023 2176 1128 2208 securi
1155 2182 1245 2209 tanto
1274 2178 1353 2209 duce

956 2223 1127 2256 Trinitatis
1155 2234 1231 2257 vera
1258 2226 1328 2257 luce

1002 2272 1124 2313 Iugiter
1151 2272 1306 2306 fruamur.

205 2337 323 2366 Prosar.
351 2348 404 2366 ms.
433 2339 605 2367 Parisiense
632 2348 708 2368 saec.
738 2338 814 2369 ¹³l14.
837 2342 909 2370 eod.
933 2344 1087 2371 Commun.
1112 2346 1257 2373 Assisien.
1288 2344 1353 2374 695.
1374 2347 1408 2375 A.
1431 2363 1467 2366 —

125 2375 249 2404 Collect.
271 2386 325 2405 ms.
346 2378 535 2406 Victorinum
556 2387 634 2406 saec.
658 2377 702 2406 15.
726 2377 782 2416 [13.
808 2379 866 2418 16.]
887 2381 957 2409 Cod.
982 2382 1111 2410 Parisin.
1137 2382 1245 2411 14872.
1261 2386 1294 2412 Β.
1315 2400 1351 2404 -
1366 2384 1385 2413 2
1401 2387 1429 2420 1),
1456 2386 1467 2414 1

125 2415 167 2443 Et
187 2415 267 2452 quod
287 2417 348 2444 AB.
371 2431 408 2436 —
429 2415 487 2451 312,
508 2415 527 2444 3
548 2417 681 2454 Populus
703 2419 845 2454 ignorans
867 2421 901 2448 B.
924 2435 959 2440 -—
983 2420 1040 2453 412,
1065 2420 1077 2448 1
1101 2423 1234 2450 Tandem
1255 2425 1289 2452 A.
1312 2439 1349 2443 —
1371 2424 1429 2458 5a,
1451 2426 1468 2454 :3

124 2454 229 2482 Nescit
247 2455 283 2482 A.
302 2469 342 2475 —
363 2455 426 2490 6b,
459 2455 473 2484 1
504 2455 592 2484 'tanto
613 2457 698 2484 dulce
720 2458 754 2485 B.
775 2473 812 2477 —
833 2458 893 2487 Cfr.
915 2460 1055 2491 Gautier‚
1083 2462 1177 2489 Adam
1200 2462 1235 2490 de
1258 2463 1299 2490 St.
1322 2465 1425 2492 Victor
1447 2466 1468 2498 Ι,

124 2503 153 2529 p.
175 2490 233 2521 223
254 2502 319 2531 sqq.
