1655 2713
702 168 962 205 —305—

589 305 657 339 339.
698 307 742 341 De
764 312 876 344 sancta
895 313 1072 354 Apollonia.

183 379 242 412 1a.
273 379 485 415 Admiremur
510 387 700 429 recolentes,

276 427 381 461 Huius
408 430 526 466 festum
553 441 744 470 venerantes

325 476 494 512 Gloriosae
522 482 665 524 virginis,

177 553 238 586 2a.
268 553 371 587 Huius
399 556 468 589 dies
494 563 559 590 tam
586 559 713 602 festiva,

276 603 313 635 In
339 613 403 643 qua
429 607 521 638 nobis
548 609 714 648 primitiva

320 651 473 685 Redeunt
498 656 679 690 sollemnia.

173 726 233 760 3a.
266 727 356 760 Haec
380 734 430 762 ter
453 741 546 764 senos
570 743 667 776 agens
686 745 786 770 annos

271 776 367 818 Fugit
395 779 483 811 sinus
510 782 572 813 iam
599 788 762 826 paternos,

314 826 471 867 Applicat
496 829 694 867 Bisantium;

169 901 190 932 4
201 909 230 933 a.
263 905 365 941 Quam
394 905 507 937 videns
532 907 674 947 Cyrillus
701 913 786 942 totus

266 950 327 982 Est
337 951 494 995 turbatus,
507 963 609 994 neque
619 957 710 997 vigor
718 959 803 990 ullus

314 999 369 1031 Nil
389 1003 542 1034 remansit
555 1007 631 1036 tunc
647 1005 778 1049 virium;

165 1124 224 1155 5³..
258 1123 358 1156 Offert
384 1127 495 1166 multa,
523 1129 661 1168 spondet
680 1131 775 1170 plura

261 1172 426 1205 Petiturus
452 1177 607 1215 peritura,

307 1221 372 1253 Sed
399 1223 558 1256 vilescunt
585 1227 702 1261 omnia.

162 1298 182 1328 6
193 1305 222 1329 a.
257 1297 346 1330 Tunc
358 1299 498 1340 Cyrillus
513 1311 547 1334 se
562 1308 779 1346 contemptum

258 1345 380 1379 Videns
399 1350 497 1381 trahit
510 1352 552 1383 ad
571 1357 775 1397 tormentum,

307 1395 427 1428 Dicens
455 1407 525 1430 esse
552 1400 770 1437 christianam.

153 1519 213 1553 7a.
245 1520 284 1552 In
310 1521 474 1555 horrendo
501 1534 632 1558 earcere

246 1569 433 1609 Ingreditur
459 1573 632 1614 intrepide,

246 1617 310 1650 Ubi
337 1620 467 1652 tandem
497 1622 698 1657 confortatur

293 1667 450 1707 Angelico
474 1671 604 1706 solacio.

148 1742 208 1777 8a.
241 1743 336 1776 Hanc
362 1755 417 1779 sex
447 1748 558 1781 lustris

287 1793 425 1828 ieiunam
454 1797 567 1831 diebus

242 1840 377 1875 Praeses
404 1845 493 1877 iubet

287 1895 375 1924 stare
401 1896 627 1935 conspectibus

237 1941 346 1980 Atque
373 1942 464 1974 duris

289 1990 380 2022 caedi
410 1991 609 2028 verberibus.

139 2063 200 2098 ea.
232 2065 451 2107 Suspenditur
477 2071 586 2104 eculeo

232 2114 315 2148 Toto
341 2118 480 2151 mirante
508 2121 640 2164 populo,

280 2165 417 2198 Praeses
435 2167 526 2200 iubet
547 2172 765 2214 concremari3

110 2238 193 2272 loa.
225 2241 305 2275 Orat
331 2245 422 2286 virgo

278 2292 404 2326 devotis
430 2294 595 2335 precibus,

227 2338 350 2374 Fundit
376 2351 491 2383 preces

275 2397 336 2429 pro
363 2391 488 2424 cunctis
515 2391 657 2425 civibus:

223 2436 261 2469 In
285 2437 434 2472 adversis

273 2495 410 2528 sperans
437 2488 594 2522 solacium

159 2542 292 2574 murno,
310 2545 480 2575 Sequentiae
497 2547 634 2571 Ineditae.
667 2548 716 2572 ΙΧ.

882 395 898 427 1
915 394 944 427 b.
978 396 1058 429 Toto
1085 399 1192 441 corde,
1219 402 1290 440 pari
1317 408 1423 436 mente

978 444 1208 480 Convertamus
1235 459 1292 481 nos
1319 458 1452 491 repente

1024 494 1060 526 In
1088 504 1228 528 amorem
1256 501 1450 535 certaminis,

872 567 892 599 2
907 567 936 599 b.
967 569 1057 601 Haec
1076 576 1124 603 est
1142 573 1232 613 virgo
1251 578 1315 606 tam
1341 576 1488 617 insignis,

970 617 1066 650 Cuius
1094 621 1196 652 virtus
1224 623 1380 656 mirabilis

1018 666 1144 699 Nobilis
1169 679 1229 710 per
1254 673 1370 705 omnia.

873 741 892 772 3
904 739 935 773 b.
968 742 1060 774 Hanc
1074 747 1216 785 suscepit
1231 751 1306 779 tunc
1322 754 1468 783 matrona

972 790 1070 823 Cuius
1095 802 1209 826 nomen
1236 802 1284 827 est
1309 797 1442 839 Melota7

1017 839 1064 872 Ob
1093 839 1218 874 furores
1245 846 1421 884 gentilium.

1473 778 1481 793 5

874 913 936 948 4b.
969 916 1068 947 Totus
1096 923 1207 957 raptus
1230 920 1261 951 in
1288 932 1441 964 amorem,

967 963 1066 995 Totus
1091 970 1203 1004 captus
1230 969 1260 999 in
1290 968 1441 1009 furorem,

963 1011 1074 1043 Talem
1099 1014 1210 1046 videns
1230 1021 1304 1048 tunc
1324 1019 1473 1052 decorem

1005 1060 1047 1091 Et
1083 1061 1197 1094 dilexit
1221 1064 1303 1096 hanc
1328 1067 1470 1100 nimium.

865 1135 927 1168 5b.
962 1137 1061 1169 Omne
1088 1141 1199 1171 mundi
1227 1149 1450 1177 ornamentum

958 1185 1135 1226 Reputavit
1164 1190 1250 1221 velut
1278 1192 1388 1234 lutum,

1006 1236 1144 1268 Munera
1171 1239 1303 1279 regalia.

868 1310 929 1345 6b.
963 1312 1024 1344 Illa
1050 1313 1212 1346 Christum
1241 1317 1409 1356 profitetur

964 1359 1075 1400 Neque
1104 1362 1180 1394 deos
1207 1370 1384 1405 reveretur,

1008 1409 1138 1442 Habens
1195 1413 1280 1444 intus
1332 1421 1468 1448 mentem

1235 1471 1355 1496 sanam.

855 1532 917 1566 7b.
951 1534 1027 1566 Post
1054 1536 1086 1567 in
1114 1538 1267 1577 templum
1296 1540 1467 1574 deducitur

946 1583 990 1614 Et
1016 1584 1046 1614 in
1075 1594 1201 1617 sacrum
1230 1590 1426 1633 conspuitur,

947 1631 1012 1664 Ubi
1040 1631 1121 1664 fulta
1147 1636 1310 1674 reperitur

994 1680 1112 1713 Divino
1139 1685 1314 1724 praesidio.

851 1756 912 1792 812.
945 1759 974 1790 A
1002 1759 1113 1791 molari

971 1807 1083 1839 dentes
1111 1811 1285 1849 excutiunt⁷

947 1855 1049 1887 Huius
1077 1862 1208 1890 sanctae

991 1905 1077 1937 labia
1103 1908 1335 1946 praescindunt

943 1953 1019 1985 Post
1048 1959 1171 1995 tergum

988 2003 1141 2035 revinctis
1166 2006 1323 2039 manibuS.

841 2078 902 2112 9b.
935 2079 1034 2112 Duris
1061 2082 1139 2113 loris
1165 2084 1341 2116 attrahitur

934 2127 977 2160 Et
1004 2139 1023 2160 a
1050 2134 1172 2163 tortore
1199 2131 1381 2173 flagellatur

980 2177 1093 2218 Neque
1120 2183 1225 2220 potest
1246 2183 1448 2217 commutari.

815 2251 858 2286 10
869 2252 900 2287 b.
935 2253 969 2286 Si
996 2255 1066 2294 quis
1092 2265 1214 2289 memor

980 2303 1021 2334 sit
1048 2304 1097 2335 sui
1124 2305 1272 2346 nominis,

931 2351 1080 2383 Patiatur

982 2399 1124 2432 dolorem
1153 2403 1269 2442 capitis

930 2447 1031 2480 Simul
1058 2453 1154 2490 atque

976 2496 1120 2530 laborem
1149 2499 1309 2542 dentium;

1234 2557 1271 2586 20
