1655 2713
151 251 216 284 7a.

151 429 218 463 8a.

149 608 214 640 9a.

253 250 287 283 Si
313 252 460 293 tentaris,
487 254 532 285 sis
558 254 698 294 humilis,

249 299 388 332 Intende
411 301 588 342 exercitiis,

295 347 349 379 Sic
374 352 457 380 teste
483 350 554 389 ipso
580 350 701 393 stabis3

251 429 277 462 Ο
304 430 531 462 monachorum
559 432 735 474 speculum,

248 476 462 510 Pei-fectionis
489 480 683 519 exemplum,

295 526 416 558 Antoni
443 528 656 570 sanctissime,

247 608 390 645 Cunctis,
417 609 471 648 qui
498 613 530 640 te
554 614 761 651 venerantur,

247 657 293 690 Ut
318 666 337 688 a
362 656 454 688 malis
481 660 694 697 protegantur

294 704 430 736 Animae
457 708 489 736 et
515 706 681 745 corporis3

849 255 916 290 7b.

849 432 916 467 8b.

847 609 914 644 9b.

949 254 1013 287 Sed
1040 253 1101 286 nisi
1128 253 1223 285 detur
1246 262 1265 285 a
1291 253 1361 285 Deo

948 302 1124 343 Spiritunm
1153 301 1317 341 discretio,

994 351 1055 384 Vix
1072 359 1209 390 unquam
1229 349 1456 389 triumphabis.

948 432 1008 471 Qui
1033 432 1085 472 pie
1110 431 1275 463 auxiliaris

944 479 1135 512 Hominibus
1161 483 1193 511 et
1218 479 1378 517 iumentis,

993 529 1151 561 Succurre
1177 528 1343 559 celerrime

946 610 1008 641 Hic
1033 609 1237 640 illustrentur
1260 609 1375 650 gratia,

943 658 1016 690 Illic
1041 657 1173 688 caelesti
1199 657 1302 697 gloria

988 705 1066 736 Tuis
1093 705 1213 736 sanctis
1241 705 1375 737 meritis,

201 790 275 816 Miss
318 798 370 816 ms.
400 789 642 816 Praedicatorum
669 798 744 816 saec.
775 788 818 817 15.
847 790 917 817 Cod.
947 789 1158 816 Carolsruhan.
1190 790 1252 816 Pm.
1281 788 1327 816 45.
1357 790 1389 816 A.
1418 804 1454 808 —

124 828 264 862 Sequent.
286 836 338 854 ms.
360 827 526 854 Praedicat.
548 829 696 855 Basileen.
718 836 794 855 saec.
820 826 863 855 16.
887 828 957 866 Cod.
982 828 1128 854 Basileen.
1155 834 1176 856 N
1202 829 1228 854 D
1249 829 1293 854 111
1316 827 1343 855 5.
1366 830 1397 855 Β.
1419 843 1454 847 -

124 864 182 898 212,
203 864 222 893 3
242 867 373 901 viginem
396 867 429 892 A.
454 880 488 885 ——
511 863 574 897 8b.
597 864 615 893 3
636 867 772 894 celeriter
794 868 825 894 B.
847 881 885 885 —
906 865 1093 894 Uber-schrift
1117 867 1147 892 in
1171 866 1208 892 B:
1233 866 1344 899 „Prosa
1365 875 1452 902 quam

122 905 324 939 composuisse
358 904 449 931 fertur
479 904 512 931 Ρ.
544 902 730 932 Heni-icus
763 904 803 932 de
831 905 1014 932 Alveldia
1049 904 1136 931 huius
1169 904 1274 931 domus
1304 905 1387 931 Prior
1417 906 1453 932 ad

884 937 965 971 Uber
989 943 1045 970 deu
1067 943 1179 979 Triiger
1199 943 1297 970 dieses
1322 944 1452 971 Namens

123 943 295 969 instantiam
325 942 596 969 sanctimonialium
625 943 661 969 ad
685 941 840 979 Lapides“.

122 980 233 1008 konnte
254 981 301 1008 ich
324 980 424 1007 bisher
445 981 543 1007 nichts
568 982 726 1008 ermitteln.

149 1213 212 1246 la.

144 1397 208 1430 2a.

142 1629 206 1660 3a.

140 1860 205 1892 4a.

137 2094 201 2126 5a.

136 2326 199 2359 62.

530 1122 578 1152 48.
623 1123 664 1152 De
686 1130 710 1153 s.
733 1121 868 1154 Antonio
891 1123 1044 1154 Eremita.

245 1211 374 1244 Gaudet
399 1212 487 1243 orbis
513 1217 545 1243 et
569 1212 709 1243 laetatur

239 1260 283 1292 Et
310 1260 455 1292 sollemni
481 1261 669 1292 moderatur

289 1308 418 1341 Gaudia
444 1310 635 1348 praeconi03

241 1395 301 1434 Qui
328 1395 387 1427 snb
414 1394 493 1427 flore
518 1396 694 1427 iuventutis

242 1443 396 1475 Fructum
425 1444 556 1484 cupiens
581 1444 694 1475 salutis

240 1492 381 1532 Dignum
409 1493 500 1524 duxit
527 1492 684 1523 institutis

288 1540 410 1572 Arduis
438 1539 613 1581 proficere;

241 1627 277 1658 ln
313 1627 476 1658 desertum
507 1627 601 1667 longe
628 1627 753 1669 ductus,

242 1674 442 1715 Spiritaliter
467 1675 654 1716 instructus,

239 1723 312 1755 Non
339 1723 477 1754 cessavit
505 1723 604 1755 bonos
627 1722 752 1755 fruetus

285 1771 394 1803 Arbor
420 1771 504 1803 bona
531 1770 649 1803 facere.

237 1858 333 1890 Hunc
359 1858 535 1898 praecessit
561 1858 666 1890 clarus
686 1858 753 1890 vita

236 1908 366 1945 Paulus,
394 1907 516 1947 primus
543 1907 687 1949 eremita,

235 1956 332 1988 Cuius
359 1955 412 1987 hic
438 1955 587 1987 Israelita

285 2004 482 2046 Propagavit
508 2004 670 2046 regulam3

233 2091 316 2124 Dum
344 2090 508 2123 ferventes
533 2091 566 2123 in
592 2101 701 2123 amore

234 2140 344 2173 Verba
370 2139 525 2178 facerent,
552 2149 592 2172 ex
618 2149 708 2172 more

233 2189 357 2222 Corvus
384 2198 500 2230 panem
527 2189 602 2220 tulit
627 2197 683 2221 ore

282 2237 458 2278 Duplicato
484 2246 636 2280 munere;

232 2325 367 2358 Fratres
394 2334 470 2366 ergo
497 2325 578 2357 caeli
605 2333 689 2365 pane

229 2373 429 2407 Refocillant
455 2382 510 2406 cor
535 2374 642 2413 inane,

231 2423 287 2455 Nil
306 2426 486 2461 servantes,
506 2421 593 2462 quod
607 2421 640 2453 in
655 2429 749 2452 mane

281 2471 462 2504 scaturiret
492 2469 674 2508 vermibus3

842 1213 908 1246 lb.

837 1396 902 1429 2b.

839 1627 905 1660 3b.

837 1858 907 1892 4b.

835 2091 902 2127 5b.

837 2324 904 2358 6b.

939 1213 1037 1245 Festa
1067 1214 1134 1245 dies
1164 1224 1220 1245 nos
1248 1214 1404 1249 hortatur,

939 1262 980 1294 Ut
1008 1263 1039 1293 in
1068 1262 1180 1294 laudes
1208 1263 1411 1302 expendatur

985 1310 1118 1341 Debitas
1146 1312 1296 1344 Antonio,

935 1397 1092 1429 Mundum
1120 1396 1201 1437 fugit
1229 1396 1401 1437 fugientem

938 1445 1031 1476 Velut
1052 1446 1173 1476 hostem
1194 1449 1449 1485 persequentem,

937 1494 997 1532 Qui
1022 1494 1183 1532 captivam
1205 1497 1293 1524 tenet
1312 1496 1449 1524 mentem

985 1541 1167 1572 Nescientis
1195 1539 1316 1581 fugere.

939 1627 991 1659 Ad
1011 1628 1194 1668 Aegyptum
1213 1636 1276 1658 non
1296 1628 1449 1668 respexit,

934 1675 998 1708 Ubi
1024 1680 1116 1707 natus
1147 1676 1317 1715 intellexit,

931 1724 1023 1764 Quod
1040 1724 1121 1755 Loth
1141 1725 1204 1755 cito
1221 1734 1282 1755 non
1300 1725 1447 1764 despexit

981 1773 1017 1804 In
1045 1772 1146 1812 Segor
1171 1773 1334 1804 secedere.

939 1859 1013 1899 Ipse
1040 1868 1165 1899 quoque
1191 1860 1329 1899 quadam
1358 1860 1409 1892 die

934 1907 1087 1939 Visitavit
1114 1908 1202 1938 illum
1230 1908 1282 1948 pie

931 1957 1056 1996 Lupum
1076 1965 1212 1996 sequens
1233 1957 1345 1988 ducem
1365 1958 1446 1997 viae,

979 2007 1066 2044 Quae
1095 2005 1186 2036 duxit
1216 2005 1258 2036 ad
1286 2006 1445 2038 cellulam.

932 2093 1030 2132 Quem
1059 2092 1170 2124 eodem
1198 2092 1407 2132 dispensante

932 2141 1050 2172 Paulus
1078 2141 1133 2172 ille
1160 2141 1247 2172 solus
1274 2145 1348 2172 ante

931 2189 1020 2220 Solet
1046 2189 1126 2220 hora
1152 2189 1336 2228 postulante

979 2237 1125 2269 Medium
1153 2238 1313 2276 accipere.

937 2325 997 2363 Qui
1023 2324 1165 2355 nutritur
1191 2332 1266 2355 esca
1293 2324 1385 2363 caeli,

931 2373 983 2404 Fit
1012 2372 1126 2404 Heliae
1156 2381 1217 2412 par
1243 2371 1343 2413 fideli,

930 2420 1069 2453 Consors
1096 2419 1200 2452 factus
1227 2421 1341 2452 Israeli

978 2469 1106 2501 Meritis
1133 2473 1165 2500 et
1191 2469 1345 2502 moribus.

1227 2524 1269 2553 4*
