<?xml version="1.0" encoding="UTF-8"?>
<!DOCTYPE html PUBLIC "-//W3C//DTD XHTML 1.0 Transitional//EN"
    "http://www.w3.org/TR/xhtml1/DTD/xhtml1-transitional.dtd">
<html xmlns="http://www.w3.org/1999/xhtml" xml:lang="en" lang="en">
 <head>
  <title>
</title>
<meta http-equiv="Content-Type" content="text/html;charset=utf-8" />
  <meta name='ocr-system' content='tesseract 3.04.00' />
  <meta name='ocr-capabilities' content='ocr_page ocr_carea ocr_par ocr_line ocrx_word'/>
</head>
<body>
  <div class='ocr_page' id='page_1' title='image "./analectahymnica44drevuoft_0057.png"; bbox 0 0 1655 2713; ppageno 0'>
   <div class='ocr_carea' id='block_1_1' title="bbox 740 160 976 195">
    <p class='ocr_par' dir='ltr' id='par_1_1' title="bbox 740 160 976 195">
     <span class='ocr_line' id='line_1_1' title="bbox 740 160 976 195; baseline -0.004 -10"><span class='ocrx_word' id='word_1_1' title='bbox 740 160 976 195; x_wconf 77' lang='lat'>-54-</span> 
     </span>
    </p>
   </div>
   <div class='ocr_carea' id='block_1_2' title="bbox 222 256 1518 775">
    <p class='ocr_par' dir='ltr' id='par_1_2' title="bbox 222 256 1518 775">
     <span class='ocr_line' id='line_1_2' title="bbox 223 256 1394 299; baseline -0.004 -7"><span class='ocrx_word' id='word_1_2' title='bbox 223 260 242 292; x_wconf 90' lang='lat'><strong>3</strong></span> <span class='ocrx_word' id='word_1_3' title='bbox 259 268 287 293; x_wconf 85' lang='lat' dir='ltr'>a.</span> <span class='ocrx_word' id='word_1_4' title='bbox 318 259 529 299; x_wconf 85' lang='lat' dir='ltr'>Applicantes</span> <span class='ocrx_word' id='word_1_5' title='bbox 556 269 614 299; x_wconf 91' lang='lat' dir='ltr'>pro</span> <span class='ocrx_word' id='word_1_6' title='bbox 640 259 763 290; x_wconf 91' lang='lat' dir='ltr'>medela</span> <span class='ocrx_word' id='word_1_7' title='bbox 908 259 928 290; x_wconf 88' lang='grc'><strong>3</strong></span> <span class='ocrx_word' id='word_1_8' title='bbox 945 257 975 290; x_wconf 93' lang='lat' dir='ltr'>b.</span> <span class='ocrx_word' id='word_1_9' title='bbox 1008 256 1212 288; x_wconf 86' lang='lat' dir='ltr'>Decliuemus</span> <span class='ocrx_word' id='word_1_10' title='bbox 1238 256 1394 288; x_wconf 89' lang='lat' dir='ltr'>malitiam</span> 
     </span>
     <span class='ocr_line' id='line_1_3' title="bbox 317 304 1415 347; baseline -0.003 -9"><span class='ocrx_word' id='word_1_11' title='bbox 317 307 522 346; x_wconf 89' lang='lat' dir='ltr'>Paupertatis</span> <span class='ocrx_word' id='word_1_12' title='bbox 545 307 680 347; x_wconf 87' lang='lat' dir='ltr'>insignia</span> <span class='ocrx_word' id='word_1_13' title='bbox 1006 304 1149 337; x_wconf 87' lang='lat' dir='ltr'>Zelando</span> <span class='ocrx_word' id='word_1_14' title='bbox 1175 304 1415 344; x_wconf 83' lang='lat' dir='ltr'>simplicitatem</span> 
     </span>
     <span class='ocr_line' id='line_1_4' title="bbox 368 351 1518 394; baseline -0.002 -8"><span class='ocrx_word' id='word_1_15' title='bbox 368 355 519 386; x_wconf 86' lang='lat' dir='ltr'>Cordium</span> <span class='ocrx_word' id='word_1_16' title='bbox 546 354 729 394; x_wconf 84' lang='lat' dir='ltr'><strong>affectibus,</strong></span> <span class='ocrx_word' id='word_1_17' title='bbox 1053 352 1130 385; x_wconf 91' lang='lat' dir='ltr'>Cum</span> <span class='ocrx_word' id='word_1_18' title='bbox 1170 352 1313 384; x_wconf 84' lang='lat' dir='ltr'>iustitiae</span> <span class='ocrx_word' id='word_1_19' title='bbox 1348 351 1518 392; x_wconf 83' lang='lat' dir='ltr'>fructibus,</span> 
     </span>
     <span class='ocr_line' id='line_1_5' title="bbox 222 448 1442 489; baseline -0.002 -7"><span class='ocrx_word' id='word_1_20' title='bbox 222 452 285 482; x_wconf 86' lang='lat' dir='ltr'>4a.</span> <span class='ocrx_word' id='word_1_21' title='bbox 317 449 399 480; x_wconf 85' lang='lat' dir='ltr'>Fide</span> <span class='ocrx_word' id='word_1_22' title='bbox 424 450 487 489; x_wconf 82' lang='lat' dir='ltr'>iugi</span> <span class='ocrx_word' id='word_1_23' title='bbox 514 450 722 489; x_wconf 78' lang='lat' dir='ltr'>persistentes</span> <span class='ocrx_word' id='word_1_24' title='bbox 907 448 972 481; x_wconf 89' lang='lat' dir='ltr'>4b.</span> <span class='ocrx_word' id='word_1_25' title='bbox 1004 448 1068 481; x_wconf 89' lang='lat' dir='ltr'>Sed</span> <span class='ocrx_word' id='word_1_26' title='bbox 1095 449 1126 480; x_wconf 92' lang='lat' dir='ltr'>in</span> <span class='ocrx_word' id='word_1_27' title='bbox 1153 448 1223 488; x_wconf 87' lang='lat' dir='ltr'>lege</span> <span class='ocrx_word' id='word_1_28' title='bbox 1249 448 1442 480; x_wconf 79' lang='lat' dir='ltr'>meditantes</span> 
     </span>
     <span class='ocr_line' id='line_1_6' title="bbox 316 495 1512 538; baseline -0.001 -9"><span class='ocrx_word' id='word_1_29' title='bbox 316 498 367 529; x_wconf 89' lang='lat' dir='ltr'>Ad</span> <span class='ocrx_word' id='word_1_30' title='bbox 394 497 515 528; x_wconf 88' lang='lat' dir='ltr'>laevam</span> <span class='ocrx_word' id='word_1_31' title='bbox 542 506 599 528; x_wconf 91' lang='lat' dir='ltr'>nec</span> <span class='ocrx_word' id='word_1_32' title='bbox 624 497 821 529; x_wconf 87' lang='lat' dir='ltr'>declinantes</span> <span class='ocrx_word' id='word_1_33' title='bbox 1002 496 1130 538; x_wconf 89' lang='lat' dir='ltr'>Divina,</span> <span class='ocrx_word' id='word_1_34' title='bbox 1159 495 1298 528; x_wconf 85' lang='lat' dir='ltr'>fructum</span> <span class='ocrx_word' id='word_1_35' title='bbox 1320 500 1512 536; x_wconf 84' lang='lat' dir='ltr'>quaerentes</span> 
     </span>
     <span class='ocr_line' id='line_1_7' title="bbox 363 544 1480 586; baseline 0.001 -10"><span class='ocrx_word' id='word_1_36' title='bbox 363 545 613 576; x_wconf 84' lang='lat' dir='ltr'>Dextrorsumve</span> <span class='ocrx_word' id='word_1_37' title='bbox 639 545 796 585; x_wconf 87' lang='lat' dir='ltr'>abeundo,</span> <span class='ocrx_word' id='word_1_38' title='bbox 1056 544 1204 586; x_wconf 82' lang='lat' dir='ltr'><strong>Spiritus,</strong></span> <span class='ocrx_word' id='word_1_39' title='bbox 1231 545 1480 584; x_wconf 85' lang='lat' dir='ltr'>perseverando.</span> 
     </span>
     <span class='ocr_line' id='line_1_8' title="bbox 223 640 1367 679; baseline 0 -7"><span class='ocrx_word' id='word_1_40' title='bbox 223 643 241 672; x_wconf 88' lang='lat'>5</span> <span class='ocrx_word' id='word_1_41' title='bbox 258 650 286 672; x_wconf 89' lang='lat' dir='ltr'>a.</span> <span class='ocrx_word' id='word_1_42' title='bbox 319 640 362 672; x_wconf 92' lang='lat' dir='ltr'>Ut</span> <span class='ocrx_word' id='word_1_43' title='bbox 387 644 556 679; x_wconf 85' lang='lat' dir='ltr'>sequentes</span> <span class='ocrx_word' id='word_1_44' title='bbox 584 641 716 679; x_wconf 81' lang='lat' dir='ltr'>vestigia</span> <span class='ocrx_word' id='word_1_45' title='bbox 909 643 927 673; x_wconf 91' lang='lat'>5</span> <span class='ocrx_word' id='word_1_46' title='bbox 943 640 974 673; x_wconf 93' lang='lat' dir='ltr'>b.</span> <span class='ocrx_word' id='word_1_47' title='bbox 1006 640 1190 672; x_wconf 89' lang='lat' dir='ltr'>Mereamur</span> <span class='ocrx_word' id='word_1_48' title='bbox 1215 640 1367 672; x_wconf 82' lang='lat' dir='ltr'>caelestia</span> 
     </span>
     <span class='ocr_line' id='line_1_9' title="bbox 316 687 1385 728; baseline 0.001 -10"><span class='ocrx_word' id='word_1_49' title='bbox 316 687 425 718; x_wconf 82' lang='lat' dir='ltr'>Nostri</span> <span class='ocrx_word' id='word_1_50' title='bbox 453 688 579 726; x_wconf 84' lang='lat' dir='ltr'>patroni</span> <span class='ocrx_word' id='word_1_51' title='bbox 605 688 721 728; x_wconf 85' lang='lat' dir='ltr'>gaudia</span> <span class='ocrx_word' id='word_1_52' title='bbox 1006 689 1067 720; x_wconf 88' lang='lat' dir='ltr'>Per</span> <span class='ocrx_word' id='word_1_53' title='bbox 1090 692 1202 720; x_wconf 88' lang='lat' dir='ltr'>sancta</span> <span class='ocrx_word' id='word_1_54' title='bbox 1228 689 1385 720; x_wconf 84' lang='lat' dir='ltr'>exercitia</span> 
     </span>
     <span class='ocr_line' id='line_1_10' title="bbox 361 735 1453 775; baseline 0.003 -9"><span class='ocrx_word' id='word_1_55' title='bbox 361 735 439 766; x_wconf 90' lang='lat' dir='ltr'>Eius</span> <span class='ocrx_word' id='word_1_56' title='bbox 468 736 590 767; x_wconf 88' lang='lat' dir='ltr'>devotis</span> <span class='ocrx_word' id='word_1_57' title='bbox 618 736 768 775; x_wconf 83' lang='lat' dir='ltr'>precibus</span> <span class='ocrx_word' id='word_1_58' title='bbox 1052 736 1130 768; x_wconf 88' lang='lat' dir='ltr'>Cum</span> <span class='ocrx_word' id='word_1_59' title='bbox 1157 736 1269 767; x_wconf 89' lang='lat' dir='ltr'>electis</span> <span class='ocrx_word' id='word_1_60' title='bbox 1296 736 1453 770; x_wconf 81' lang='lat' dir='ltr'>omnibus,</span> 
     </span>
    </p>
   </div>
   <div class='ocr_carea' id='block_1_3' title="bbox 551 831 1175 966">
    <p class='ocr_par' dir='ltr' id='par_1_3' title="bbox 551 831 1175 966">
     <span class='ocr_line' id='line_1_11' title="bbox 551 831 1119 868; baseline -0.002 -5"><span class='ocrx_word' id='word_1_61' title='bbox 551 833 582 863; x_wconf 84' lang='grc'>6.</span> <span class='ocrx_word' id='word_1_62' title='bbox 610 831 676 862; x_wconf 88' lang='lat' dir='ltr'>Nos</span> <span class='ocrx_word' id='word_1_63' title='bbox 702 832 844 862; x_wconf 89' lang='lat' dir='ltr'>dicamus</span> <span class='ocrx_word' id='word_1_64' title='bbox 870 840 979 863; x_wconf 86' lang='lat' dir='ltr'>omnes</span> <span class='ocrx_word' id='word_1_65' title='bbox 1006 835 1119 868; x_wconf 77' lang='lat' dir='ltr'>Amen,</span> 
     </span>
     <span class='ocr_line' id='line_1_12' title="bbox 610 878 1175 918; baseline 0 -8"><span class='ocrx_word' id='word_1_66' title='bbox 610 879 653 910; x_wconf 90' lang='lat' dir='ltr'>Ut</span> <span class='ocrx_word' id='word_1_67' title='bbox 683 879 737 910; x_wconf 86' lang='lat' dir='ltr'>det</span> <span class='ocrx_word' id='word_1_68' title='bbox 762 879 853 910; x_wconf 89' lang='lat' dir='ltr'>nobis</span> <span class='ocrx_word' id='word_1_69' title='bbox 879 884 1022 910; x_wconf 86' lang='lat' dir='ltr'>sanctum</span> <span class='ocrx_word' id='word_1_70' title='bbox 1049 878 1175 918; x_wconf 88' lang='lat' dir='ltr'>flamen,</span> 
     </span>
     <span class='ocr_line' id='line_1_13' title="bbox 657 927 1136 966; baseline 0.002 -9"><span class='ocrx_word' id='word_1_71' title='bbox 657 927 715 965; x_wconf 88' lang='lat' dir='ltr'>Qui</span> <span class='ocrx_word' id='word_1_72' title='bbox 742 931 852 966; x_wconf 85' lang='lat' dir='ltr'>regnat</span> <span class='ocrx_word' id='word_1_73' title='bbox 878 927 910 958; x_wconf 89' lang='lat' dir='ltr'>iu</span> <span class='ocrx_word' id='word_1_74' title='bbox 937 927 1136 958; x_wconf 87' lang='lat' dir='ltr'>caelestibus.</span> 
     </span>
    </p>
   </div>
   <div class='ocr_carea' id='block_1_4' title="bbox 199 1019 1511 1094">
    <p class='ocr_par' dir='ltr' id='par_1_4' title="bbox 199 1019 1511 1094">
     <span class='ocr_line' id='line_1_14' title="bbox 277 1019 1511 1053; baseline 0.003 -9"><span class='ocrx_word' id='word_1_75' title='bbox 277 1020 392 1045; x_wconf 85' lang='lat' dir='ltr'>Prosar.</span> <span class='ocrx_word' id='word_1_76' title='bbox 426 1029 476 1046; x_wconf 76' lang='lat' dir='ltr'>ms.</span> <span class='ocrx_word' id='word_1_77' title='bbox 508 1020 664 1047; x_wconf 76' lang='lat' dir='ltr'>Caelestin.</span> <span class='ocrx_word' id='word_1_78' title='bbox 696 1021 939 1047; x_wconf 83' lang='lat' dir='ltr'>Ambianensium</span> <span class='ocrx_word' id='word_1_79' title='bbox 970 1021 1059 1052; x_wconf 88' lang='lat' dir='ltr'>(Guil.</span> <span class='ocrx_word' id='word_1_80' title='bbox 1090 1021 1194 1053; x_wconf 82' lang='lat' dir='ltr'>Lovel)</span> <span class='ocrx_word' id='word_1_81' title='bbox 1223 1023 1293 1047; x_wconf 88' lang='lat' dir='ltr'>anni</span> <span class='ocrx_word' id='word_1_82' title='bbox 1329 1019 1409 1048; x_wconf 77' lang='lat'>1572.</span> <span class='ocrx_word' id='word_1_83' title='bbox 1442 1021 1511 1048; x_wconf 87' lang='lat' dir='ltr'>Cod.</span> 
     </span>
     <span class='ocr_line' id='line_1_15' title="bbox 199 1055 1291 1094; baseline 0.002 -11"><span class='ocrx_word' id='word_1_84' title='bbox 199 1057 372 1084; x_wconf 84' lang='lat' dir='ltr'>Ambianen.</span> <span class='ocrx_word' id='word_1_85' title='bbox 397 1055 459 1084; x_wconf 82' lang='lat'>132.</span> <span class='ocrx_word' id='word_1_86' title='bbox 500 1059 556 1084; x_wconf 84' lang='lat' dir='ltr'>Mit</span> <span class='ocrx_word' id='word_1_87' title='bbox 576 1058 716 1085; x_wconf 81' lang='lat' dir='ltr'>Melodie:</span> <span class='ocrx_word' id='word_1_88' title='bbox 738 1059 987 1094; x_wconf 86' lang='lat' dir='ltr'>Triumphale</span> <span class='ocrx_word' id='word_1_89' title='bbox 1014 1067 1137 1094; x_wconf 84' lang='lat' dir='ltr'>pange</span> <span class='ocrx_word' id='word_1_90' title='bbox 1166 1059 1291 1086; x_wconf 90' lang='lat' dir='ltr'>melos.</span> 
     </span>
    </p>
   </div>
   <div class='ocr_carea' id='block_1_5' title="bbox 598 1225 1106 1258">
    <p class='ocr_par' dir='ltr' id='par_1_5' title="bbox 598 1225 1106 1258">
     <span class='ocr_line' id='line_1_16' title="bbox 598 1225 1106 1258; baseline 0.002 -2"><span class='ocrx_word' id='word_1_91' title='bbox 598 1226 637 1256; x_wconf 86' lang='lat'>51.</span> <span class='ocrx_word' id='word_1_92' title='bbox 681 1225 721 1256; x_wconf 84' lang='lat' dir='ltr'>De</span> <span class='ocrx_word' id='word_1_93' title='bbox 743 1234 765 1256; x_wconf 87' lang='lat' dir='ltr'>s.</span> <span class='ocrx_word' id='word_1_94' title='bbox 788 1226 921 1257; x_wconf 83' lang='lat' dir='ltr'>Antonio</span> <span class='ocrx_word' id='word_1_95' title='bbox 943 1227 1106 1258; x_wconf 85' lang='lat' dir='ltr'>Patavino.</span> 
     </span>
    </p>
   </div>
   <div class='ocr_carea' id='block_1_6' title="bbox 215 1324 1510 2374">
    <p class='ocr_par' dir='ltr' id='par_1_6' title="bbox 215 1324 1510 2374">
     <span class='ocr_line' id='line_1_17' title="bbox 223 1324 1510 1367; baseline 0.003 -12"><span class='ocrx_word' id='word_1_96' title='bbox 223 1324 283 1356; x_wconf 86' lang='lat' dir='ltr'>la.</span> <span class='ocrx_word' id='word_1_97' title='bbox 318 1324 370 1356; x_wconf 81' lang='lat' dir='ltr'>Ad</span> <span class='ocrx_word' id='word_1_98' title='bbox 398 1325 547 1356; x_wconf 86' lang='lat' dir='ltr'>honorem</span> <span class='ocrx_word' id='word_1_99' title='bbox 575 1325 727 1356; x_wconf 83' lang='lat' dir='ltr'>trinitatis</span> <span class='ocrx_word' id='word_1_100' title='bbox 908 1327 924 1358; x_wconf 92' lang='lat'>1</span> <span class='ocrx_word' id='word_1_101' title='bbox 942 1326 972 1358; x_wconf 92' lang='lat' dir='ltr'>b.</span> <span class='ocrx_word' id='word_1_102' title='bbox 1006 1326 1126 1358; x_wconf 89' lang='lat' dir='ltr'>Lumen</span> <span class='ocrx_word' id='word_1_103' title='bbox 1147 1327 1242 1365; x_wconf 71' lang='lat' dir='ltr'>vitae,</span> <span class='ocrx_word' id='word_1_104' title='bbox 1272 1327 1402 1359; x_wconf 90' lang='lat' dir='ltr'>verbum</span> <span class='ocrx_word' id='word_1_105' title='bbox 1421 1329 1510 1367; x_wconf 83' lang='lat' dir='ltr'>pacis</span> 
     </span>
     <span class='ocr_line' id='line_1_18' title="bbox 314 1371 1457 1413; baseline 0.003 -10"><span class='ocrx_word' id='word_1_106' title='bbox 314 1371 362 1403; x_wconf 89' lang='lat' dir='ltr'>De</span> <span class='ocrx_word' id='word_1_107' title='bbox 389 1372 549 1411; x_wconf 81' lang='lat' dir='ltr'>triumpho</span> <span class='ocrx_word' id='word_1_108' title='bbox 576 1373 655 1403; x_wconf 84' lang='lat' dir='ltr'>tanti</span> <span class='ocrx_word' id='word_1_109' title='bbox 683 1373 783 1411; x_wconf 83' lang='lat' dir='ltr'>patris</span> <span class='ocrx_word' id='word_1_110' title='bbox 1002 1374 1101 1406; x_wconf 87' lang='lat' dir='ltr'>Omne</span> <span class='ocrx_word' id='word_1_111' title='bbox 1127 1375 1250 1413; x_wconf 81' lang='lat' dir='ltr'>signum</span> <span class='ocrx_word' id='word_1_112' title='bbox 1277 1376 1457 1407; x_wconf 84' lang='lat' dir='ltr'>sanctitatis</span> 
     </span>
     <span class='ocr_line' id='line_1_19' title="bbox 365 1420 1402 1461; baseline 0.004 -11"><span class='ocrx_word' id='word_1_113' title='bbox 365 1420 461 1450; x_wconf 80' lang='lat' dir='ltr'>Sonet</span> <span class='ocrx_word' id='word_1_114' title='bbox 487 1429 546 1450; x_wconf 81' lang='lat' dir='ltr'>vox</span> <span class='ocrx_word' id='word_1_115' title='bbox 574 1420 604 1451; x_wconf 93' lang='lat' dir='ltr'>in</span> <span class='ocrx_word' id='word_1_116' title='bbox 631 1420 750 1459; x_wconf 78' lang='lat' dir='ltr'>iubi103</span> <span class='ocrx_word' id='word_1_117' title='bbox 1051 1421 1167 1461; x_wconf 85' lang='lat' dir='ltr'>Fulget</span> <span class='ocrx_word' id='word_1_118' title='bbox 1192 1422 1224 1453; x_wconf 89' lang='lat' dir='ltr'>in</span> <span class='ocrx_word' id='word_1_119' title='bbox 1249 1423 1402 1457; x_wconf 85' lang='lat' dir='ltr'>Antonio.</span> 
     </span>
     <span class='ocr_line' id='line_1_20' title="bbox 219 1513 1509 1554; baseline 0.005 -10"><span class='ocrx_word' id='word_1_120' title='bbox 219 1515 238 1545; x_wconf 87' lang='lat'>2</span> <span class='ocrx_word' id='word_1_121' title='bbox 254 1523 281 1544; x_wconf 93' lang='lat' dir='ltr'>a.</span> <span class='ocrx_word' id='word_1_122' title='bbox 316 1513 500 1545; x_wconf 86' lang='lat' dir='ltr'>Genuerunt</span> <span class='ocrx_word' id='word_1_123' title='bbox 526 1515 608 1545; x_wconf 88' lang='lat' dir='ltr'>hunc</span> <span class='ocrx_word' id='word_1_124' title='bbox 633 1520 783 1554; x_wconf 85' lang='lat' dir='ltr'>parentes</span> <span class='ocrx_word' id='word_1_125' title='bbox 903 1517 922 1548; x_wconf 82' lang='lat'>2</span> <span class='ocrx_word' id='word_1_126' title='bbox 938 1516 968 1548; x_wconf 95' lang='lat' dir='ltr'>b.</span> <span class='ocrx_word' id='word_1_127' title='bbox 1001 1518 1075 1549; x_wconf 87' lang='lat' dir='ltr'>Post</span> <span class='ocrx_word' id='word_1_128' title='bbox 1088 1517 1296 1549; x_wconf 89' lang='lat' dir='ltr'>Franciscum</span> <span class='ocrx_word' id='word_1_129' title='bbox 1309 1519 1371 1549; x_wconf 85' lang='lat' dir='ltr'>iam</span> <span class='ocrx_word' id='word_1_130' title='bbox 1383 1518 1509 1550; x_wconf 82' lang='lat' dir='ltr'>refulsit</span> 
     </span>
     <span class='ocr_line' id='line_1_21' title="bbox 360 1561 1373 1602; baseline 0.005 -10"><span class='ocrx_word' id='word_1_131' title='bbox 360 1561 492 1593; x_wconf 82' lang='lat' dir='ltr'>Nobiles</span> <span class='ocrx_word' id='word_1_132' title='bbox 519 1563 704 1602; x_wconf 69' lang='lat' dir='ltr'>Hispaniae,</span> <span class='ocrx_word' id='word_1_133' title='bbox 1045 1565 1179 1596; x_wconf 80' lang='lat' dir='ltr'>Noviter</span> <span class='ocrx_word' id='word_1_134' title='bbox 1202 1567 1234 1596; x_wconf 88' lang='lat' dir='ltr'>in</span> <span class='ocrx_word' id='word_1_135' title='bbox 1261 1566 1373 1598; x_wconf 88' lang='lat' dir='ltr'>Padua</span> 
     </span>
     <span class='ocr_line' id='line_1_22' title="bbox 313 1610 1394 1653; baseline 0.006 -14"><span class='ocrx_word' id='word_1_136' title='bbox 313 1610 396 1647; x_wconf 85' lang='lat' dir='ltr'>Quos</span> <span class='ocrx_word' id='word_1_137' title='bbox 421 1610 549 1649; x_wconf 85' lang='lat' dir='ltr'>reliquit</span> <span class='ocrx_word' id='word_1_138' title='bbox 575 1611 774 1650; x_wconf 83' lang='lat' dir='ltr'>vilipendens</span> <span class='ocrx_word' id='word_1_139' title='bbox 998 1612 1199 1644; x_wconf 86' lang='lat' dir='ltr'>Infirmorum</span> <span class='ocrx_word' id='word_1_140' title='bbox 1225 1619 1394 1653; x_wconf 78' lang='lat' dir='ltr'>reparator</span> 
     </span>
     <span class='ocr_line' id='line_1_23' title="bbox 359 1658 1503 1703; baseline 0.006 -15"><span class='ocrx_word' id='word_1_141' title='bbox 359 1658 411 1688; x_wconf 91' lang='lat' dir='ltr'>Ad</span> <span class='ocrx_word' id='word_1_142' title='bbox 445 1658 589 1696; x_wconf 81' lang='lat' dir='ltr'>plausum</span> <span class='ocrx_word' id='word_1_143' title='bbox 626 1658 816 1698; x_wconf 77' lang='lat' dir='ltr'>Aegyptiae.</span> <span class='ocrx_word' id='word_1_144' title='bbox 1046 1660 1169 1692; x_wconf 86' lang='lat' dir='ltr'>Sanans</span> <span class='ocrx_word' id='word_1_145' title='bbox 1183 1662 1326 1693; x_wconf 89' lang='lat' dir='ltr'>membra</span> <span class='ocrx_word' id='word_1_146' title='bbox 1340 1662 1503 1703; x_wconf 79' lang='lat' dir='ltr'>languida.</span> 
     </span>
     <span class='ocr_line' id='line_1_24' title="bbox 222 1751 1509 1797; baseline 0.005 -14"><span class='ocrx_word' id='word_1_147' title='bbox 222 1752 282 1783; x_wconf 72' lang='lat'>32.</span> <span class='ocrx_word' id='word_1_148' title='bbox 316 1751 403 1783; x_wconf 86' lang='lat' dir='ltr'>Pede</span> <span class='ocrx_word' id='word_1_149' title='bbox 429 1752 514 1783; x_wconf 90' lang='lat' dir='ltr'>nudo</span> <span class='ocrx_word' id='word_1_150' title='bbox 542 1753 742 1784; x_wconf 83' lang='lat' dir='ltr'>discurrebat</span> <span class='ocrx_word' id='word_1_151' title='bbox 903 1755 922 1786; x_wconf 87' lang='lat'><strong>3</strong></span> <span class='ocrx_word' id='word_1_152' title='bbox 939 1754 968 1788; x_wconf 90' lang='lat' dir='ltr'>b.</span> <span class='ocrx_word' id='word_1_153' title='bbox 1000 1755 1082 1787; x_wconf 85' lang='lat' dir='ltr'>Erat</span> <span class='ocrx_word' id='word_1_154' title='bbox 1116 1760 1249 1797; x_wconf 85' lang='lat' dir='ltr'>tangens</span> <span class='ocrx_word' id='word_1_155' title='bbox 1284 1757 1414 1789; x_wconf 86' lang='lat' dir='ltr'>verbum</span> <span class='ocrx_word' id='word_1_156' title='bbox 1442 1759 1509 1790; x_wconf 89' lang='lat' dir='ltr'>eius</span> 
     </span>
     <span class='ocr_line' id='line_1_25' title="bbox 360 1799 1385 1847; baseline 0.008 -18"><span class='ocrx_word' id='word_1_157' title='bbox 360 1799 403 1830; x_wconf 89' lang='lat' dir='ltr'>Et</span> <span class='ocrx_word' id='word_1_158' title='bbox 428 1800 588 1831; x_wconf 84' lang='lat' dir='ltr'>accinctus</span> <span class='ocrx_word' id='word_1_159' title='bbox 616 1801 756 1842; x_wconf 88' lang='lat' dir='ltr'>cordula,</span> <span class='ocrx_word' id='word_1_160' title='bbox 1045 1804 1236 1835; x_wconf 85' lang='lat' dir='ltr'>Auditorum</span> <span class='ocrx_word' id='word_1_161' title='bbox 1263 1805 1385 1847; x_wconf 81' lang='lat' dir='ltr'>intima,</span> 
     </span>
     <span class='ocr_line' id='line_1_26' title="bbox 312 1846 1508 1894; baseline 0.007 -16"><span class='ocrx_word' id='word_1_162' title='bbox 312 1846 483 1878; x_wconf 81' lang='lat' dir='ltr'>Excitabat</span> <span class='ocrx_word' id='word_1_163' title='bbox 512 1848 704 1879; x_wconf 82' lang='lat' dir='ltr'>dormientes</span> <span class='ocrx_word' id='word_1_164' title='bbox 999 1851 1128 1884; x_wconf 72' lang='lat' dir='ltr'>Cunctis</span> <span class='ocrx_word' id='word_1_165' title='bbox 1152 1852 1284 1892; x_wconf 89' lang='lat' dir='ltr'>loquens</span> <span class='ocrx_word' id='word_1_166' title='bbox 1310 1854 1376 1885; x_wconf 85' lang='lat' dir='ltr'>alta</span> <span class='ocrx_word' id='word_1_167' title='bbox 1401 1855 1508 1894; x_wconf 87' lang='lat' dir='ltr'>nimis,</span> 
     </span>
     <span class='ocr_line' id='line_1_27' title="bbox 360 1895 1391 1940; baseline 0.008 -15"><span class='ocrx_word' id='word_1_168' title='bbox 360 1895 444 1926; x_wconf 90' lang='lat' dir='ltr'>Voce</span> <span class='ocrx_word' id='word_1_169' title='bbox 470 1896 602 1935; x_wconf 80' lang='lat' dir='ltr'>iungens</span> <span class='ocrx_word' id='word_1_170' title='bbox 628 1905 736 1935; x_wconf 88' lang='lat' dir='ltr'>opera.</span> <span class='ocrx_word' id='word_1_171' title='bbox 1047 1900 1194 1939; x_wconf 77' lang='lat' dir='ltr'>Tangeris</span> <span class='ocrx_word' id='word_1_172' title='bbox 1221 1901 1391 1940; x_wconf 77' lang='lat' dir='ltr'>spiritalia.</span> 
     </span>
     <span class='ocr_line' id='line_1_28' title="bbox 215 1990 1506 2035; baseline 0.008 -14"><span class='ocrx_word' id='word_1_173' title='bbox 215 1992 278 2022; x_wconf 88' lang='lat' dir='ltr'>4a.</span> <span class='ocrx_word' id='word_1_174' title='bbox 311 1990 336 2022; x_wconf 96' lang='grc' dir='ltr'>Ο</span> <span class='ocrx_word' id='word_1_175' title='bbox 362 1991 494 2031; x_wconf 84' lang='lat' dir='ltr'>Antoni,</span> <span class='ocrx_word' id='word_1_176' title='bbox 522 1990 577 2022; x_wconf 84' lang='lat' dir='ltr'>bos</span> <span class='ocrx_word' id='word_1_177' title='bbox 603 1991 725 2032; x_wconf 83' lang='lat' dir='ltr'>legalis,</span> <span class='ocrx_word' id='word_1_178' title='bbox 902 1995 923 2025; x_wconf 88' lang='lat'>4</span> <span class='ocrx_word' id='word_1_179' title='bbox 940 1993 970 2027; x_wconf 90' lang='lat' dir='ltr'>b.</span> <span class='ocrx_word' id='word_1_180' title='bbox 1004 1994 1117 2026; x_wconf 84' lang='lat' dir='ltr'>Plures</span> <span class='ocrx_word' id='word_1_181' title='bbox 1149 2005 1261 2035; x_wconf 83' lang='lat' dir='ltr'>aegros</span> <span class='ocrx_word' id='word_1_182' title='bbox 1295 1998 1357 2029; x_wconf 78' lang='lat' dir='ltr'>iam</span> <span class='ocrx_word' id='word_1_183' title='bbox 1385 2001 1506 2031; x_wconf 82' lang='lat' dir='ltr'>sanasti</span> 
     </span>
     <span class='ocr_line' id='line_1_29' title="bbox 311 2038 1387 2087; baseline 0.008 -19"><span class='ocrx_word' id='word_1_184' title='bbox 311 2038 421 2069; x_wconf 84' lang='lat' dir='ltr'>Novae</span> <span class='ocrx_word' id='word_1_185' title='bbox 446 2039 525 2079; x_wconf 85' lang='lat' dir='ltr'>legis</span> <span class='ocrx_word' id='word_1_186' title='bbox 552 2039 706 2078; x_wconf 82' lang='lat' dir='ltr'>spiritalis</span> <span class='ocrx_word' id='word_1_187' title='bbox 997 2041 1039 2073; x_wconf 91' lang='lat' dir='ltr'>Et</span> <span class='ocrx_word' id='word_1_188' title='bbox 1067 2048 1196 2075; x_wconf 86' lang='lat' dir='ltr'>vexatos</span> <span class='ocrx_word' id='word_1_189' title='bbox 1223 2045 1387 2087; x_wconf 85' lang='lat' dir='ltr'>liberasti;</span> 
     </span>
     <span class='ocr_line' id='line_1_30' title="bbox 358 2086 1441 2134; baseline 0.01 -18"><span class='ocrx_word' id='word_1_190' title='bbox 358 2086 526 2117; x_wconf 88' lang='lat' dir='ltr'>Triturans</span> <span class='ocrx_word' id='word_1_191' title='bbox 552 2087 582 2117; x_wconf 93' lang='lat' dir='ltr'>in</span> <span class='ocrx_word' id='word_1_192' title='bbox 610 2096 695 2128; x_wconf 84' lang='lat' dir='ltr'>area,</span> <span class='ocrx_word' id='word_1_193' title='bbox 1047 2090 1142 2122; x_wconf 87' lang='lat' dir='ltr'>Dicta</span> <span class='ocrx_word' id='word_1_194' title='bbox 1168 2092 1307 2132; x_wconf 85' lang='lat' dir='ltr'>probant</span> <span class='ocrx_word' id='word_1_195' title='bbox 1332 2103 1441 2134; x_wconf 87' lang='lat' dir='ltr'>opera.</span> 
     </span>
     <span class='ocr_line' id='line_1_31' title="bbox 215 2181 1458 2234; baseline 0.007 -21"><span class='ocrx_word' id='word_1_196' title='bbox 215 2183 233 2213; x_wconf 88' lang='lat'>5</span> <span class='ocrx_word' id='word_1_197' title='bbox 249 2190 280 2213; x_wconf 86' lang='lat' dir='ltr'>a.</span> <span class='ocrx_word' id='word_1_198' title='bbox 313 2181 411 2212; x_wconf 89' lang='lat' dir='ltr'>Pater</span> <span class='ocrx_word' id='word_1_199' title='bbox 436 2186 557 2222; x_wconf 86' lang='lat' dir='ltr'>sancte,</span> <span class='ocrx_word' id='word_1_200' title='bbox 585 2182 638 2213; x_wconf 81' lang='lat' dir='ltr'>lux</span> <span class='ocrx_word' id='word_1_201' title='bbox 663 2183 788 2225; x_wconf 85' lang='lat' dir='ltr'>solaris,</span> <span class='ocrx_word' id='word_1_202' title='bbox 903 2186 921 2217; x_wconf 91' lang='lat'>5</span> <span class='ocrx_word' id='word_1_203' title='bbox 938 2183 968 2218; x_wconf 88' lang='lat' dir='ltr'>b.</span> <span class='ocrx_word' id='word_1_204' title='bbox 1000 2185 1089 2225; x_wconf 82' lang='lat' dir='ltr'>Rogo</span> <span class='ocrx_word' id='word_1_205' title='bbox 1116 2192 1238 2226; x_wconf 84' lang='lat' dir='ltr'>patrem</span> <span class='ocrx_word' id='word_1_206' title='bbox 1266 2191 1458 2234; x_wconf 75' lang='lat' dir='ltr'>sanctitatis,</span> 
     </span>
     <span class='ocr_line' id='line_1_32' title="bbox 308 2228 1508 2278; baseline 0.01 -18"><span class='ocrx_word' id='word_1_207' title='bbox 308 2228 414 2269; x_wconf 86' lang='lat' dir='ltr'>Digna</span> <span class='ocrx_word' id='word_1_208' title='bbox 440 2230 534 2261; x_wconf 89' lang='lat' dir='ltr'>laude</span> <span class='ocrx_word' id='word_1_209' title='bbox 562 2231 733 2272; x_wconf 87' lang='lat' dir='ltr'>veneraris,</span> <span class='ocrx_word' id='word_1_210' title='bbox 998 2233 1041 2266; x_wconf 96' lang='lat' dir='ltr'>Ut</span> <span class='ocrx_word' id='word_1_211' title='bbox 1077 2243 1133 2265; x_wconf 89' lang='lat' dir='ltr'>nos</span> <span class='ocrx_word' id='word_1_212' title='bbox 1164 2237 1297 2268; x_wconf 89' lang='lat' dir='ltr'>mundet</span> <span class='ocrx_word' id='word_1_213' title='bbox 1321 2247 1340 2269; x_wconf 90' lang='lat' dir='ltr'>a</span> <span class='ocrx_word' id='word_1_214' title='bbox 1366 2241 1508 2278; x_wconf 83' lang='lat' dir='ltr'>peccatis</span> 
     </span>
     <span class='ocr_line' id='line_1_33' title="bbox 313 2277 1461 2323; baseline 0.011 -16"><span class='ocrx_word' id='word_1_215' title='bbox 313 2277 372 2316; x_wconf 84' lang='lat' dir='ltr'>Qui</span> <span class='ocrx_word' id='word_1_216' title='bbox 399 2282 445 2308; x_wconf 91' lang='lat' dir='ltr'>tot</span> <span class='ocrx_word' id='word_1_217' title='bbox 472 2278 570 2318; x_wconf 87' lang='lat' dir='ltr'>signis</span> <span class='ocrx_word' id='word_1_218' title='bbox 596 2279 747 2310; x_wconf 87' lang='lat' dir='ltr'>novitatis</span> <span class='ocrx_word' id='word_1_219' title='bbox 995 2281 1039 2312; x_wconf 84' lang='lat' dir='ltr'>Et</span> <span class='ocrx_word' id='word_1_220' title='bbox 1065 2283 1233 2323; x_wconf 89' lang='lat' dir='ltr'>coniungat</span> <span class='ocrx_word' id='word_1_221' title='bbox 1261 2295 1331 2317; x_wconf 85' lang='lat' dir='ltr'>cum</span> <span class='ocrx_word' id='word_1_222' title='bbox 1358 2287 1461 2320; x_wconf 86' lang='lat' dir='ltr'>beatis</span> 
     </span>
     <span class='ocr_line' id='line_1_34' title="bbox 356 2325 1466 2374; baseline 0.011 -18"><span class='ocrx_word' id='word_1_223' title='bbox 356 2325 525 2357; x_wconf 83' lang='lat' dir='ltr'>Decorasti</span> <span class='ocrx_word' id='word_1_224' title='bbox 550 2326 704 2359; x_wconf 88' lang='lat' dir='ltr'>Paduam.</span> <span class='ocrx_word' id='word_1_225' title='bbox 1043 2330 1097 2361; x_wconf 85' lang='lat' dir='ltr'>Ad</span> <span class='ocrx_word' id='word_1_226' title='bbox 1124 2332 1292 2364; x_wconf 87' lang='lat' dir='ltr'>caelestem</span> <span class='ocrx_word' id='word_1_227' title='bbox 1320 2335 1466 2374; x_wconf 90' lang='lat' dir='ltr'>gloriam.</span> 
     </span>
    </p>
   </div>
   <div class='ocr_carea' id='block_1_7' title="bbox 188 2419 1509 2496">
    <p class='ocr_par' dir='ltr' id='par_1_7' title="bbox 188 2419 1509 2496">
     <span class='ocr_line' id='line_1_35' title="bbox 264 2419 1509 2460; baseline 0.01 -14"><span class='ocrx_word' id='word_1_228' title='bbox 264 2420 347 2446; x_wconf 85' lang='lat' dir='ltr'>Miss.</span> <span class='ocrx_word' id='word_1_229' title='bbox 370 2429 423 2448; x_wconf 86' lang='lat' dir='ltr'>ms.</span> <span class='ocrx_word' id='word_1_230' title='bbox 439 2421 670 2448; x_wconf 82' lang='lat' dir='ltr'>Franciscanum</span> <span class='ocrx_word' id='word_1_231' title='bbox 684 2419 935 2458; x_wconf 84' lang='lat' dir='ltr'>(Salisburgense)</span> <span class='ocrx_word' id='word_1_232' title='bbox 948 2432 1024 2451; x_wconf 84' lang='lat' dir='ltr'>saec.</span> <span class='ocrx_word' id='word_1_233' title='bbox 1049 2424 1091 2452; x_wconf 87' lang='lat'>15.</span> <span class='ocrx_word' id='word_1_234' title='bbox 1108 2426 1177 2454; x_wconf 90' lang='lat' dir='ltr'>Cod.</span> <span class='ocrx_word' id='word_1_235' title='bbox 1194 2428 1399 2458; x_wconf 81' lang='lat' dir='ltr'>Vindoboneii.</span> <span class='ocrx_word' id='word_1_236' title='bbox 1421 2430 1509 2460; x_wconf 82' lang='lat'>3795.</span> 
     </span>
     <span class='ocr_line' id='line_1_36' title="bbox 188 2457 783 2496; baseline 0.005 -12"><span class='ocrx_word' id='word_1_237' title='bbox 188 2457 254 2485; x_wconf 87' lang='lat' dir='ltr'>add.</span> <span class='ocrx_word' id='word_1_238' title='bbox 275 2466 351 2485; x_wconf 74' lang='lat' dir='ltr'>eaeo.</span> <span class='ocrx_word' id='word_1_239' title='bbox 378 2458 420 2486; x_wconf 89' lang='lat'>15.</span> <span class='ocrx_word' id='word_1_240' title='bbox 442 2474 478 2478; x_wconf 94' lang='lat'><strong>—</strong></span> <span class='ocrx_word' id='word_1_241' title='bbox 500 2458 556 2492; x_wconf 79' lang='lat' dir='ltr'>5b,</span> <span class='ocrx_word' id='word_1_242' title='bbox 577 2457 595 2486; x_wconf 87' lang='lat'><strong>3</strong></span> <span class='ocrx_word' id='word_1_243' title='bbox 616 2460 783 2496; x_wconf 87' lang='lat' dir='ltr'>coniunget.</span> 
     </span>
    </p>
   </div>
  </div>
 </body>
</html>
