1655 2713
688 172 735 178 —
789 154 853 189 121
905 173 954 178 —

172 250 232 283 4a.
267 247 337 288 Quo
362 258 420 281 nos
448 247 586 282 famulos
610 254 682 283 tuos
873 251 937 286 4b.
968 251 1045 284 Post
1071 250 1154 282 hanc
1180 251 1342 282 miseriam

266 299 323 328 tua
347 305 408 338 per
433 297 584 339 suffragia
969 299 1089 331 Christi
1115 299 1271 340 perducat
1298 299 1411 339 gratia.

224 373 347 401 Collect.
369 383 423 401 ms.
441 374 666 402 Aurifabrorum
684 375 879 403 Ratisbonen.
901 376 972 402 anni
994 373 1076 402 1423.
1091 374 1163 403 Cod.
1179 376 1372 402 Ratisbonen.
1386 374 1478 406 (Hist.

146 411 257 439 Vei-ein
283 412 302 439 f.
329 413 569 440 Oberschwaben
594 423 623 441 u.
650 414 854 450 Regensburg)
880 424 901 440 s.
930 423 958 440 n.
991 428 1025 432 —
1049 414 1174 449 Strophe
1203 423 1230 440 u.
1259 414 1481 450 Gegeustropht·

147 450 245 477 haben
273 450 390 486 gleiche
413 451 585 479 Silbenzalil
612 453 680 486 (nur
701 452 733 487 je
755 453 821 480 eine
843 453 926 480 Silbe
948 452 1096 479 Differenz
1119 454 1148 479 in
1170 455 1226 479 Str.
1250 451 1268 479 2
1290 461 1317 479 u.
1339 450 1383 486 3),
1411 454 1482 479 aber

146 489 198 516 der
216 489 302 516 Reim
323 489 473 517 erheiseht
493 492 559 517 eine
581 499 657 526 ganz
679 490 944 527 ungleichmiissige
961 491 1123 526 Abteilung
1143 491 1194 517 der
1209 491 1482 527 ¹*tropheng-lieder.

599 622 660 653 126.
703 623 743 654 De
766 623 875 653 sancto
897 622 1035 662 Eliphio.

587 704 618 736 1.
645 703 750 741 Felix,
778 703 903 742 Eliphi‚

693 751 843 783 caelestis
869 760 1012 791 purpura
1039 753 1139 791 regni,

170 830 233 862 23.
265 828 364 868 Regis
390 828 555 868 praesidio
871 828 931 862 2b.
965 828 1079 860 Gaude
1106 829 1273 869 martyrio,

264 876 383 908 Fretus
409 877 441 908 in
467 876 604 916 proelio,
964 876 1078 908 Gaude
1105 877 1259 916 tripudio.

265 924 380 956 Certus
407 924 447 956 de
474 924 619 963 praemio
962 925 1082 956 Laetus
1109 925 1270 956 consortio

264 972 376 1004 Curris
403 973 435 1003 in
462 972 579 1003 stadio.
969 972 1097 1003 Iunctus
1125 973 1282 1012 angelico.

170 1052 230 1084 32.
262 1050 312 1081 Tu
338 1049 446 1089 palma
473 1049 627 1080 victoriae
867 1048 930 1081 3b.
960 1049 1006 1080 Te
1034 1048 1181 1080 Christus
1208 1050 1355 1086 associat,

263 1099 300 1130 In
330 1098 424 1129 domo
450 1097 593 1128 iustitiae
963 1097 1004 1129 Ut
1034 1097 1092 1128 tibi
1121 1098 1321 1137 congaudeat

263 1146 419 1178 Ornatum
447 1145 604 1176 ecelesiae
961 1145 1117 1177 Caelestis
1145 1146 1306 1177 exercitus

266 1195 374 1234 Auges
402 1193 481 1225 flore
507 1193 641 1234 gloriae.
962 1193 1054 1225 Dono
1081 1194 1186 1225 sancti
1213 1194 1357 1233 spiritus.

170 1275 230 1305 4a.
263 1273 300 1304 In
329 1271 484 1311 sanguine
511 1274 720 1312 purpuratus,
866 1270 928 1304 4b.
962 1271 999 1302 In
1029 1271 1167 1302 Domino
1193 1270 1413 1310 triumphasti.

264 1320 355 1352 Stola
381 1319 487 1359 prima
513 1318 717 1357 candidatus,
963 1322 1063 1358 Quem
1091 1319 1240 1359 gentibus
1268 1319 1481 1358 praedicasti.

262 1370 292 1400 A
319 1367 430 1400 labore
456 1367 651 1405 consolatus,
960 1367 1024 1399 Sed
1052 1368 1155 1407 ipsum
1185 1367 1381 1399 desiderasti

267 1415 428 1449 Gloriaris
454 1415 628 1448 laureatus,
963 1416 1013 1447 Ac
1040 1425 1099 1455 pro
1126 1416 1182 1446 illo
1209 1415 1396 1447 decertasti.

171 1497 232 1527 5a.
262 1493 372 1526 Arbor
398 1493 466 1524 alta
490 1492 522 1524 in
550 1491 722 1530 montibuS,
869 1491 933 1525 5b.
965 1492 1089 1532 Dignus
1117 1492 1224 1531 dignis
1251 1492 1447 1532 adiuiigeriS‚

265 1539 453 1573 Fructifera
478 1539 664 1581 virtutibus,
966 1540 1044 1571 Cum
1081 1539 1196 1580 quibus
1233 1540 1336 1572 laetus
1364 1539 1482 1571 frueris

316 1588 499 1630 Splendens
523 1587 613 1620 sidus
633 1588 783 1619 eximium
1015 1589 1144 1620 Visione
1169 1593 1338 1628 perpetua.

317 1638 354 1670 In
381 1637 508 1677 agmine
535 1636 741 1677 caelestium;
1014 1635 1183 1668 Indefessa
1210 1637 1346 1669 laetitia.

171 1718 231 1750 62.
261 1714 467 1747 Transmittit
494 1713 580 1745 ensis
608 1713 716 1745 vesani
866 1713 932 1749 δὴ.
964 1714 1062 1753 Quem
1091 1715 1308 1754 amplexatum
1334 1713 1480 1746 manibus

266 1763 313 1795 Te
338 1763 380 1795 ad
409 1762 516 1794 caelos
543 1762 672 1801 Iuliani,
963 1762 1098 1803 Angelis
1125 1762 1356 1794 comitantibus

314 1810 462 1843 Potentis
488 1810 597 1842 David
623 1810 735 1843 militis
1011 1811 1064 1843 Ad
1075 1810 1481 1843 altatransfersmontium

314 1859 512 1893 Praecidens
526 1857 637 1891 florem
653 1859 780 1899 capitis.
1009 1861 1045 1892 In
1061 1863 1153 1900 petra
1169 1869 1297 1892 sumens
1313 1859 1480 1891 tumulum.

519 1938 550 1970 7.
579 1936 674 1969 Nunc
699 1937 746 1968 tui
773 1945 905 1978 compos
931 1937 1041 1978 gaudii

574 1986 610 2018 In
638 1994 770 2026 regnum
796 1986 995 2027 gaudimonii

624 2033 784 2066 Transfer
809 2034 973 2069 Christum
1001 2035 1224 2067 collaudantes

622 2084 672 2115 Ac
700 2083 817 2116 devote
843 2087 1025 2116 exorantes.

219 2161 303 2188 Miss.
326 2160 507 2189 Coloniense
532 2161 602 2196 imp.
624 2161 753 2187 Parisiis
777 2157 860 2187 1525.

578 2293 635 2324 127.
678 2292 720 2322 lle
742 2293 854 2323 saneta
875 2291 1052 2323 Elisabeth.

167 2375 226 2408 la.
259 2375 399 2409 Sanctae
425 2374 540 2406 matris
869 2372 932 2407 lb.
964 2373 1005 2405 Et
1033 2373 1135 2412 ipsius

261 2423 432 2457 Elisabeth
459 2422 629 2454 sollemnia
963 2422 999 2454 ln
1026 2421 1123 2452 terris
1150 2420 1329 2460 patrocinia

310 2471 516 2506 Recolamus.
1011 2469 1206 2501 sentiamus.
