1655 2713
747 127 1006 163 —154-

240 226 300 257 9a.
332 224 381 256 Tu
405 225 526 265 primus
551 226 767 265 apostolorum
925 225 985 258 9b.
1018 226 1063 259 Ut
1088 225 1121 256 in
1147 225 1208 267 his,
1235 234 1317 266 quae
1345 225 1494 268 docuisti,

336 272 458 304 Choros
483 273 584 304 intras
609 273 805 313 angelorum,
1020 273 1141 305 Nostra
1157 282 1287 314 semper
1304 272 1397 316 [ope]
1412 273 1536 306 Christi

381 320 437 351 Pia
463 329 558 360 prece
584 321 741 361 supplica,
1068 323 1235 361 Augeatur
1261 322 1420 361 practica.

289 395 368 422 Orat.
393 406 444 422 uis.
467 396 496 422 S.
521 395 667 433 Caeciliae
689 395 878 423 Coloniensis
900 405 977 424 saec.
1001 395 1044 424 15.
1065 397 1135 425 Cod.
1159 396 1311 425 Colonien.
1340 396 1362 424 1.
1385 413 1422 417 —
1443 397 1496 430 4b,
1521 397 1534 425 1

213 435 399 461 incrementa.
424 448 457 452 ——
480 435 532 465 Na,
555 433 572 460 2
592 434 667 460 vidit
689 434 783 469 plane.

634 536 692 566 166.
736 537 775 567 De
798 546 822 567 s.
844 536 954 569 Iacobo
976 538 1104 569 Maiore.

240 608 300 639 1a.
333 606 436 638 Huius
462 605 534 637 festi
562 607 762 638 collaudetur
926 608 989 640 lb.
1021 608 1154 641 Crescat
1170 608 1262 648 fides,
1289 617 1362 648 spes
1381 609 1533 649 virescat,

329 654 371 685 Et
399 654 515 685 divinis
543 654 712 686 decoretur
1019 656 1144 688 Fervor
1170 657 1276 688 cordis
1295 666 1358 688 non
1375 661 1533 696 tepescat,

376 701 540 733 Laudibus
571 702 789 744 sollemnitas,
1069 705 1251 736 lux-alescat
1275 705 1404 738 caritas.

233 779 294 810 2a.
325 778 403 809 Dies
429 778 511 809 enim
538 779 723 810 veneranda
923 780 986 813 2b.
1020 783 1088 819 Qua
1106 781 1252 821 Iacobus,
1279 781 1373 813 iubar
1397 781 1530 819 clarum,

328 825 369 856 Et
397 826 510 856 devote
536 825 729 858 celebranda
1017 829 1114 861 Victo
1142 837 1216 869 rege
1242 829 1449 861 tenebrarum

376 874 572 905 Recensetur
598 874 702 911 hodie,
1066 877 1191 909 Sertum
1217 878 1353 916 sumpsit
1380 877 1513 917 gloriae.

232 951 291 981 3a.
323 949 385 980 Hic
410 953 456 980 est
484 948 585 980 frater
610 951 745 990 aquilae,
918 954 937 983 3
950 952 980 984 b.
1012 953 1072 992 Qui
1099 954 1240 992 piscator
1265 954 1438 993 hominum,

325 997 471 1028 Rutilans
498 1002 527 1028 et
554 997 660 1028 nobile
1013 1000 1221 1040 Exstirpator
1247 1002 1426 1043 criminum,

374 1044 511 1075 Germen
538 1045 705 1086 Zebedaei,
1061 1049 1181 1080 Pandit
1207 1049 1336 1080 verbum
1367 1050 1436 1083 Dei.

231 1123 293 1153 421.
326 1121 388 1152 Hic
421 1125 466 1151 est
492 1120 583 1152 fortis
610 1122 837 1162 supplantator
922 1124 981 1156 4b.
1014 1125 1055 1157 Ut
1082 1126 1196 1157 merito
1222 1126 1269 1157 sic
1295 1131 1428 1158 vocetur

330 1170 434 1207 Atque
460 1172 573 1207 potens
600 1170 814 1209 triumphator
1012 1173 1052 1204 Et
1081 1182 1141 1204 vox
1168 1174 1215 1204 rei
1243 1172 1416 1205 famuletur

373 1216 569 1248 conculcans
594 1218 771 1256 terrestria,
1063 1221 1215 1252 Veritatis
1241 1222 1362 1254 nuntia.

230 1294 289 1323 ba.
321 1291 423 1332 Felix,
451 1293 503 1331 qui
527 1292 786 1332 transfiguratum
917 1295 979 1329 5b.
1013 1297 1074 1328 Per
1087 1297 1520 1340 quodcunctisnossedatur,

325 1339 462 1370 Verbum
490 1339 569 1370 vidit
596 1341 795 1372 incarnatum
1012 1343 1171 1376 Salvatori
1199 1346 1367 1386 copulatur

373 1387 489 1418 Vivens
516 1387 620 1419 adhuc
647 1398 790 1428 corpore,
1058 1393 1157 1431 Quam
1184 1392 1272 1424 felici
1299 1393 1440 1426 foedere.

230 1464 288 1495 62.
320 1463 441 1501 Dogma
468 1472 590 1494 sacrum
618 1465 796 1504 praedicat,
916 1467 979 1499 6b.
1010 1469 1246 1508 Hermogenem
1273 1476 1415 1512 superat,

326 1511 492 1542 Talentum
520 1512 711 1551 multiplicat
1009 1516 1123 1547 Multis
1150 1524 1273 1557 portam
1302 1524 1423 1550 reserat

371 1559 483 1590 Verbis
509 1563 604 1598 atque
627 1561 748 1600 signis·,
1055 1562 1148 1595 Vitae
1175 1566 1225 1596 vir
1250 1566 1394 1606 insignis.

229 1635 286 1666 7³.
318 1636 417 1667 Hoste
444 1636 571 1667 tandem
598 1636 792 1676 triumphato
913 1639 974 1672 7b.
1005 1641 1130 1672 Primus
1152 1642 1236 1673 inter
1260 1647 1425 1675 senatores

321 1683 426 1721 Atque
453 1692 546 1714 cursu
573 1689 787 1716 consummato
1007 1688 1173 1720 Ecclesiae
1198 1690 1351 1722 clariores

367 1730 471 1761 Subiit
496 1733 703 1774 martyriuim
1057 1737 1150 1768 Vitae
1174 1747 1302 1770 sumens
1329 1740 1485 1773 bravium.

225 1806 283 1836 Sa.
315 1806 340 1837 Ο
367 1816 459 1845 quam
487 1812 577 1847 patet
595 1809 697 1839 sancti
716 1809 823 1849 decus,
909 1811 971 1844 δί).
1002 1813 1093 1852 Lupa
1118 1813 1194 1845 inde
1222 1815 1352 1848 Christo
1377 1817 1482 1849 credit

320 1853 404 1885 Dum
430 1854 567 1885 mitescit
592 1854 683 1887 ferox
710 1866 807 1896 pecus
1005 1861 1049 1892 Et
1074 1861 1191 1894 Iacobo
1214 1863 1318 1894 locum
1346 1865 1448 1905 dedit,

366 1902 409 1933 Et
435 1903 532 1933 draco
558 1904 770 1936 consumitur!
1053 1909 1121 1948 Quo
1146 1920 1230 1942 nunc
1255 1912 1309 1951 pie
1335 1913 1461 1948 colitur.

221 1975 283 2012 9a,
314 1974 400 2013 Ergo
426 1974 560 2014 plaudat
585 1976 720 2007 ecclesia
911 1979 972 2012 9b.
1008 1980 1051 2012 Et
1076 1986 1111 2012 tu
1134 1975 1251 2022 gaude,
1279 1984 1419 2024 Galatia,

316 2021 432 2053 Iacobo
458 2022 584 2054 solvens
608 2025 716 2055 munia
1005 2031 1093 2067 Quae
1118 2032 1181 2061 tam
1211 2033 1408 2066 venerabilia

363 2069 439 2101 Piae
464 2070 580 2112 laudis,
1052 2077 1200 2110 Membra
1225 2079 1359 2115 claudis.

197 2142 280 2174 loa.
311 2141 375 2173 Sed
401 2145 446 2180 tu,
472 2146 565 2182 pater
591 2147 622 2174 et
647 2148 793 2185 patrone,
887 2147 929 2180 10
940 2147 971 2182 b.
1004 2149 1102 2181 Prece
1128 2154 1184 2182 tua
1209 2161 1266 2183 nos
1292 2152 1436 2193 guberna

312 2189 368 2221 Pie
394 2193 514 2230 pastor,
542 2194 648 2223 rector
673 2192 766 2235 bone,
1001 2196 1044 2228 Et
1067 2197 1109 2229 ad
1135 2207 1234 2238 regna
1260 2201 1322 2232 duc
1348 2206 1480 2236 aeterna

361 2237 540 2270 Coruscans
567 2239 748 2280 virtutibus,
1053 2245 1131 2278 Cum
1158 2247 1320 2280 caelorum
1346 2251 1482 2287 civibus.

269 2308 350 2334 Miss.
370 2308 557 2337 Ruthenense
582 2311 651 2346 imp.
666 2312 805 2348 Lugduni
827 2323 850 2340 s.
872 2323 899 2341 a.
924 2312 1034 2351 [1540]
1055 2317 1090 2343 A.
1105 2333 1140 2337 —
1156 2318 1240 2346 Miss.
1254 2319 1423 2350 Parisiense
1445 2324 1514 2360 imp.

191 2346 316 2373 Parisiis
340 2345 421 2374 1585.
444 2349 475 2375 B.
497 2363 534 2368 —
554 2347 613 2383 8b,
641 2347 654 2376 l
677 2350 809 2386 Luparia
829 2353 864 2385 A,
885 2353 973 2389 Lupa
992 2354 1061 2382 vide
1082 2355 1121 2391 B;
1150 2357 1225 2384 nach
1246 2358 1298 2386 der
1318 2360 1456 2396 Legende
1477 2364 1516 2390 ist

190 2385 274 2420 Lupa
299 2385 367 2420 jein¹
398 2386 537 2414 bekehrte
559 2388 582 2415 F
584 2396 653 2420 rau,
679 2389 727 2416 die
749 2389 815 2417 dem
836 2391 976 2428 Heiligen
998 2395 1079 2421 seine
1113 2395 1284 2425 Grabstatte
1305 2399 1457 2428 schenkte.
1479 2416 1518 2420 —

189 2423 317 2451 Melodie
338 2425 612 2460 angeuscheinlich:
636 2428 693 2463 „In
713 2429 880 2457 caelesti
901 2431 1121 2461 ierarchia.“
