1655 2713
651 174 817 210 —277
871 196 914 201 —

544 293 606 324 312.
647 294 690 326 De
711 299 820 330 sancto
841 299 1020 332 Valentino.

140 374 202 407 la.
235 375 421 419 Valentino,
449 381 503 420 qui
530 383 677 417 valenter
836 388 897 422 lb.
928 390 1020 423 Ritus
1048 393 1125 424 cleri
1153 393 1215 425 iam
1243 393 1378 427 devotus

230 423 406 466 Superavit
432 428 622 464 innocenter
930 439 1134 480 Populusque
1159 442 1278 482 psallat
1304 445 1390 475 totus

277 473 463 508 Mundiales
489 478 637 519 impetus,
977 488 1182 522 Concinendo
1210 490 1357 523 dulciter.

137 557 200 591 28.
231 558 315 591 Nam
341 571 402 601 per
427 573 528 596 annos
556 567 698 606 pueriles
833 571 894 604 2b.
928 573 1116 614 Peragravit
1141 576 1260 608 mundo
1287 577 1386 610 corde

230 607 350 640 Rerum
383 611 488 643 cultus
514 615 639 653 sprevit
665 616 744 649 viles
927 621 1129 654 Inventutem
1157 624 1226 656 sine
1251 626 1348 657 sorde

279 656 435 699 Vitaeque
461 664 643 694 constantia
974 669 1084 702 Palam
1130 671 1293 704 Christum
1345 683 1442 714 prae-

1149 720 1272 754 dicanS.

134 791 198 824 3a.
230 792 394 826 Idolorum
423 795 620 830 confutando
833 802 894 836 3b.
925 804 1043 844 Aegris
1070 806 1144 837 tulit
1170 807 1341 839 sanitatem

226 840 450 882 Daemonium,
479 846 682 884 prohibendo
924 851 967 883 Et
993 854 1157 892 oppressis
1184 854 1368 888 libertatem

276 890 310 921 ln
339 892 514 932 sculpturis
540 895 679 928 latriam.
971 900 1047 932 Veri
1074 901 1135 932 Dei
1162 911 1304 937 munere.

133 975 196 1007 4a.
228 975 324 1007 Hunc
350 977 411 1008 sibi
438 978 526 1010 iubet
553 981 640 1012 ocius
826 983 890 1018 4b.
921 985 963 1018 Ut
991 991 1121 1026 negaret
1146 989 1225 1019 caeli
1254 989 1367 1029 Deum,

227 1023 343 1055 Coram
370 1026 506 1065 produci
531 1027 695 1070 Claudius,
920 1033 1021 1065 Idolis
1048 1036 1205 1075 suggessit
1233 1046 1303 1068 eum

273 1071 457 1112 Imperator
481 1073 654 1115 hominum,
965 1082 1137 1114 Immolare
1165 1085 1321 1118 victimas.

117 1156 180 1187 5a.
213 1156 282 1196 Quo
310 1163 480 1191 recusante
508 1161 667 1201 reprobus
819 1164 882 1198 5b.
914 1166 1009 1199 Fidei
1036 1173 1142 1201 tamen
1162 1172 1339 1203 constantis

219 1204 317 1237 Caedi
346 1208 512 1240 mandavit
538 1208 676 1242 fustibus
914 1215 1009 1247 Hunc
1035 1217 1123 1249 iubet
1141 1221 1309 1251 tormentis
1329 1222 1426 1254 tantis

265 1254 336 1286 Deo
362 1259 486 1295 gratum
514 1262 700 1298 martyrem,
962 1265 1037 1296 Post
1065 1268 1207 1298 truncari
1235 1269 1351 1308 capite.

119 1339 178 1370 6a.
212 1338 270 1371 Cui
297 1345 373 1373 vota
398 1344 633 1383 persolvamus,
814 1348 876 1381 6b.
909 1350 1001 1382 Vitae
1036 1356 1165 1385 nostrae
1198 1355 1251 1394 qui
1284 1356 1425 1389 lamenta

209 1387 253 1420 Ut
280 1393 452 1429 patronum
480 1391 654 1425 habeamus
910 1398 1086 1431 Miseratus
1113 1406 1143 1432 et
1171 1407 1322 1443 portenta

259 1436 425 1470 Potentem
454 1441 652 1484 caelicolam,
956 1447 1106 1488 Quaeque
1141 1451 1244 1490 pellas
1276 1452 1421 1487 horrida.

114 1521 132 1554 7
151 1531 179 1555 a.
213 1522 262 1554 Ne
290 1525 427 1557 virtutes
451 1527 549 1559 Satan
578 1526 718 1571 frangat⁷
815 1531 878 1566 7b.
909 1533 979 1566 Hoc
1014 1539 1145 1575 petente
1179 1537 1271 1569 nobis
1299 1543 1420 1571 rectum

207 1571 364 1605 Morbida
403 1584 442 1606 ne
477 1576 578 1615 pestis
613 1581 727 1620 tangat
908 1581 975 1614 Iter
1002 1583 1097 1615 detur
1122 1590 1151 1616 et
1178 1585 1358 1625 perfectum

257 1621 402 1662 Corpora
428 1623 479 1655 vel
505 1625 640 1666 animas,
957 1631 1108 1664 Trinitati
1136 1633 1311 1673 placidum.

161 1702 246 1732 Miss.
269 1715 323 1733 ms.
345 1707 592 1737 Wratislaviense
614 1719 682 1738 saec
707 1710 749 1739 14.
772 1713 943 1742 Cod.Civit.
959 1716 1184 1746 Wratislavieu.
1200 1720 1241 1748 M.
1261 1719 1334 1749 1160
1350 1722 1417 1751 add.

80 1749 157 1770 saec.
183 1741 226 1771 15.
249 1760 286 1764 —
307 1743 359 1777 3a,
386 1745 397 1773 1
421 1747 581 1776 Idulorum.
608 1764 639 1769 —
662 1749 720 1784 4a,
746 1750 759 1779 1
785 1752 869 1780 Nune
892 1754 961 1781 sibi.
985 1770 1018 1773 —
1041 1755 1099 1788 5a,
1122 1756 1139 1785 3
1159 1762 1282 1793 gratem.
1304 1775 1341 1778 ——
1363 1760 1416 1793 5b,

79 1778 94 1807 l
116 1786 177 1808 tam
198 1786 373 1811 constantis.
390 1800 426 1805 —
442 1786 530 1814 Hunc
552 1789 583 1815 in
605 1791 769 1817 tormentis.
791 1806 828 1810 —
851 1790 902 1825 7a,
927 1792 940 1820 1
964 1793 1083 1831 frangit.
1099 1811 1135 1814 ——-
1151 1795 1201 1829 Ta,
1225 1796 1242 1825 2
1257 1801 1361 1835 tangit.
1379 1816 1417 1819 —

77 1817 130 1853 7b‚
155 1819 168 1848 l
191 1825 320 1856 potente.

463 1929 526 1962 313.
570 1932 611 1963 De
632 1940 656 1964 s.
679 1933 810 1966 Valerio
831 1935 1024 1968 Trevirensi.

423 2021 454 2054 1.
486 2022 631 2056 Laudem
660 2025 770 2069 dicite,
800 2026 1017 2066 christicolae,

487 2079 557 2103 cum
585 2073 703 2115 gloria;

93 2152 155 2185 22.
189 2154 281 2187 Totis
308 2156 431 2189 viribus
459 2159 565 2191 canite
795 2163 858 2199 2b.
890 2165 970 2204 Quia
1002 2167 1117 2198 meruit
1143 2168 1262 2208 gaudia

194 2204 303 2237 cordis
329 2205 423 2238 vibra
449 2215 488 2238 ac
890 2219 985 2253 pater
1012 2214 1062 2246 hic
1086 2219 1197 2247 noster

189 2252 326 2293 spiritus
352 2254 490 2294 laetitia,
890 2261 987 2294 hodie
1013 2259 1255 2308 [sempiterna].

86 2338 150 2373 3a.
182 2339 250 2372 Iam
277 2341 395 2373 transit
420 2341 573 2375 tenebras
793 2347 855 2380 3b.
889 2348 965 2381 Fuit
992 2349 1032 2380 de
1058 2349 1197 2382 Simonis

188 2388 421 2433 Phlegetontis,
886 2396 1047 2439 clientela,

184 2436 280 2478 liquit
305 2443 422 2472 cuncta
882 2444 1037 2477 Eucharii

182 2486 296 2519 mundi
322 2486 462 2521 labentis
489 2488 637 2532 ludicra;
882 2493 1090 2535 Maternique
1116 2496 1301 2536 syncellita.
