1655 2713
698 173 745 177 -
795 151 841 187 29
889 170 938 176 .-

177 250 196 283 7
212 259 241 283 a.
273 249 352 282 Post
377 251 454 282 anni
479 259 556 283 vero
871 250 888 282 7
904 249 936 284 b.
970 248 1022 280 Ad
1049 247 1210 279 civitatem

270 298 438 337 circulum,
465 299 632 331 Aethneus
966 296 1192 329 Catanensium
1219 294 1302 334 ignis

270 355 360 378 mons
387 355 458 378 cum
485 347 653 379 emittebat
966 344 1115 385 pervenit
1137 343 1277 381 minime,

270 394 466 437 incendium,
966 392 1144 433 periculum

269 452 347 483 pars
373 452 413 475 ex
439 443 496 474 illo
522 442 653 483 (magna
969 440 1126 472 velamine

273 489 414 532 fugiens)
440 500 638 533 paganorum
970 489 1120 529 opposito

271 540 313 571 ad
340 539 488 580 Agathae
967 537 1060 576 illud,
1086 537 1172 568 unde

273 588 403 619 veniens
430 588 625 628 sepulcrum,
969 589 1039 617 erat
1064 588 1222 625 opertum.

177 666 196 698 8
211 674 240 698 a.
273 665 402 698 Christo
428 666 602 697 reddamus
874 664 893 695 8
910 662 941 695 b.
974 663 1035 702 Qui
1061 666 1110 693 est
1135 671 1253 694 corona

272 714 404 754 gratias,
968 714 1145 749 martyrum

276 762 330 802 qui
356 762 436 793 haec
462 762 540 793 fecit
564 759 730 798 miracula,
969 763 1151 790 sanctarum
1171 766 1295 797 quoque
1310 756 1480 797 virginum.

181 840 200 872 9
216 848 244 870 a.
277 838 325 871 Sit
351 842 420 870 tota
444 837 591 869 iubilatio
875 837 895 868 9
911 834 941 867 b.
974 836 1032 874 Qui
1059 835 1142 874 regit
1168 838 1198 865 et
1226 834 1378 865 caelestia

267 886 362 927 patri
388 889 417 918 et
441 886 510 917 eius
537 884 607 925 filio
975 899 1312 907 wemma-VN&

271 933 455 974 flaminique
482 933 650 974 paraclito,
968 940 1028 970 per
1053 930 1179 962 infinita
1205 930 1342 962 saecula.

232 1020 322 1048 Grad.
345 1029 398 1047 ms.
420 1019 608 1046 Vercellense
631 1027 706 1045 saec.
732 1016 776 1044 11.
799 1017 869 1044 eod.
893 1016 988 1052 Capit.
1007 1017 1170 1044 Vei-cellen.
1193 1017 1295 1043 CLXI.
1318 1016 1382 1043 add.
1406 1024 1481 1042 saec.

157 1057 232 1086 ¹¹l12.
254 1074 290 1078 —
312 1058 367 1091 5a,
389 1056 407 1085 2
429 1067 466 1085 ne
487 1054 555 1084 fuit.
577 1071 613 1075 —
635 1056 691 1088 5b‚
714 1055 732 1083 4
753 1056 914 1084 terrestria.
936 1071 970 1074 —

607 1184 654 1215 23.
698 1184 739 1214 De
763 1185 872 1215 sancta
894 1183 1030 1224 Agatha.

183 1268 245 1300 la.
281 1268 364 1298 Voto
390 1266 461 1306 pari
487 1265 696 1306 gratulemur,
878 1266 890 1297 1
912 1264 942 1296 b.
975 1264 1115 1303 Pompas
1142 1264 1252 1295 mundi
1279 1264 1411 1295 renuisti

277 1315 488 1355 Agathaeque
512 1322 700 1345 veneremur
973 1313 1126 1353 Vesanas,
1156 1313 1240 1343 vires
1266 1312 1391 1350 subisti,

278 1363 364 1395 Mira
389 1368 490 1403 gesta,
517 1367 551 1393 ut
578 1366 734 1400 tenemur,
973 1361 1081 1402 Virgo,
1109 1364 1282 1401 tyrannum
1309 1361 1461 1400 sprevisti

327 1411 462 1443 Immani
490 1411 529 1441 de
558 1411 702 1442 victoria.
1023 1409 1161 1440 Caelesti
1184 1413 1277 1440 utens
1304 1410 1416 1449 gloria.

181 1491 200 1522 2
218 1498 246 1523 a.
280 1488 418 1530 Martyr,
445 1486 555 1519 florem
583 1487 742 1518 castitatis
876 1488 895 1519 2
911 1486 941 1518 b.
975 1488 1099 1526 Sponsa
1126 1495 1278 1526 sponsum
1305 1486 1440 1526 elegisti.

278 1536 514 1576 Speculumque
540 1536 718 1567 honestatis
972 1537 1002 1567 A
1028 1544 1089 1575 quo
1120 1534 1285 1565 exordium
1309 1535 1485 1574 sumpsisti,

278 1585 348 1618 Deo
374 1594 436 1616 non
464 1584 580 1616 vovisti
607 1584 718 1626 gratis,
976 1583 1073 1615 Cuius
1100 1592 1231 1622 regnum
1259 1583 1399 1614 introisti

325 1632 389 1664 Sed
424 1632 464 1664 ob
499 1631 622 1672 frugem
650 1632 789 1665 virtutis.
1022 1631 1122 1671 Opem
1150 1630 1257 1662 ferens
1283 1631 1407 1665 salutis.

180 1712 200 1744 3
215 1721 244 1744 a.
278 1710 322 1744 Ut
345 1710 440 1743 ditati
466 1714 522 1742 tua
546 1718 654 1750 prece,
879 1711 898 1742 3
914 1709 944 1743 b.
977 1710 1023 1741 'se
1047 1718 1226 1749 precamur,
1255 1713 1287 1740 ut
1309 1710 1353 1740 sis
1375 1718 1486 1750 prona,

277 1759 409 1800 Purgati
435 1759 561 1798 peccati
587 1757 688 1798 faece,
976 1758 1025 1790 Ne
1051 1758 1211 1798 serpentis
1238 1758 1373 1797 stringat
1397 1767 1487 1797 zona,

276 1808 419 1848 Tyranni
447 1807 588 1847 exempti
616 1816 694 1838 nece
974 1807 1157 1849 Beatorum,
1185 1811 1219 1837 tu
1245 1815 1372 1847 corona,

326 1855 488 1888 Fruamur
513 1856 678 1897 pollicitis,
1024 1855 1091 1886 Nos
1118 1855 1256 1894 adiunge
1283 1855 1419 1895 gaudiis

231 1944 315 1971 Miss⁴
346 1951 400 1970 ms.
422 1943 607 1970 Voraviense
634 1951 710 1970 saec.
744 1941 788 1969 14.
810 1942 880 1970 Cod.
904 1942 1063 1969 Voravien.
1085 1939 1131 1969 35.
1155 1957 1189 1960 —
1216 1941 1272 1974 la,
1299 1939 1317 1968 2
1340 1950 1366 1968 u.
1388 1939 1405 1967 3
1428 1950 1490 1967 iim-

155 1982 283 2019 gestellt.
306 1998 343 2002 —
368 1980 422 2014 la,
444 1980 462 2009 2
485 1991 541 2018 que
563 1981 644 2008 fehlt.
667 1996 704 2000 —
728 1980 781 2014 la,
806 1979 824 2008 3
845 1982 990 2017 Miraque.
1011 1996 1031 2000 —
1069 1979 1115 2007 2a
1150 1980 1351 2015 lMartyruni.
1377 1994 1409 1999 --
1433 1978 1488 2012 2a,

153 2019 172 2049 3
192 2021 304 2048 fovisti.
327 2035 364 2040 -
386 2020 405 2048 ὅ
419 2029 444 2053 a,
467 2019 486 2048 2
506 2022 656 2056 Perquam
678 2029 696 2048 a
719 2021 843 2057 peccati.
865 2035 902 2039 —
924 2019 980 2054 3a,
1002 2018 1020 2047 3
1038 2021 1170 2055 Tyranni
1193 2020 1271 2055 quod
1293 2020 1432 2046 excentis.
1453 2034 1488 2038 -—

155 2058 212 2094 312,
235 2059 249 2088 1
272 2060 474 2097 deprecamur.
496 2076 532 2080 —
554 2058 610 2095 31³,
633 2058 651 2087 2
672 2069 726 2087 nos
749 2061 885 2095 stringat.
907 2074 945 2078 —
965 2059 1112 2087 Melodie:
1142 2059 1302 2086 Verbum
1325 2059 1462 2086 bonum,

610 2198 660 2229 24.
704 2199 746 2229 De
769 2198 881 2228 sancta
902 2197 1040 2237 Agatha.

182 2280 198 2312 1
215 2289 244 2314 a.
277 2280 376 2321 Virgo
402 2278 497 2312 fortis
881 2278 946 2311 lb.
980 2277 1082 2310 Nefas
1108 2278 1206 2310 sortis

325 2328 445 2369 Stirpis
470 2328 640 2370 ingenuae,
1026 2327 1230 2366 Fraudisque
1257 2334 1378 2358 nocuae

275 2377 384 2410 Minas
410 2377 524 2409 mortis
981 2375 1024 2407 Et
1050 2374 1192 2406 cohortis

322 2425 368 2459 Et
393 2434 514 2466 poenas
539 2428 671 2457 strenue
1028 2423 1146 2463 Turpis
1174 2426 1206 2454 et
1232 2421 1341 2455 fatuae

373 2474 548 2509 Tolerasti.
918 2495 921 2497 >
1076 2471 1256 2513 superasti.
