1655 2713
181 266 242 299 4a.
273 266 365 298 Haec
391 265 467 299 fecit
491 268 524 300 in
551 269 702 309 spiritali,

276 314 346 346 Nec
371 315 412 348 ob
439 316 500 348 hoc
525 317 558 348 in
584 318 754 358 temporali

324 362 436 396 Defuit
463 365 636 406 regimine;

181 460 240 492 5a.
271 459 416 498 Quadam
445 461 514 492 vice
539 461 648 494 Padus
675 471 770 494 ruens

274 507 380 548 Super
399 513 530 547 terram,
550 511 653 542 undas
671 520 788 551 urgens

322 556 469 597 Occupat
497 558 653 590 ecclesiae

179 651 238 684 6a.
271 651 335 684 Sed
369 654 504 686 antistes
531 655 651 688 Christi
676 655 790 694 mirus,

275 699 340 740 Spe
376 701 540 742 refulgens
565 707 599 734 ut
625 703 785 745 saphirus,

320 749 425 782 Mittit
450 752 656 783 monitorium

180 846 238 879 7a.
270 846 405 878 Flumen
431 848 526 879 cessit
553 852 583 879 et
610 848 742 879 recessit

270 895 314 926 Et
324 895 484 935 posthaec
493 904 654 935 nunquam
663 895 801 927 excessit

321 943 376 975 Sui
403 952 528 975 cursum
553 943 647 982 alvei,

178 1038 198 1070 8
211 1047 240 1070 a.
271 1038 334 1070 Pro
345 1039 404 1070 hoc
417 1039 577 1078 Christus,
588 1048 679 1079 quem
690 1040 821 1083 amavit,

268 1085 391 1126 Corpus
420 1087 482 1118 sibi
509 1087 664 1118 revelavit

315 1135 471 1166 Antonini
498 1135 660 1175 martyris,

166 1231 227 1263 9a.
260 1230 355 1263 Unde
381 1231 467 1263 clero
494 1236 669 1263 convocato

262 1279 449 1320 Populoque
476 1285 669 1320 congregato

311 1325 424 1368 Pergit
453 1328 493 1360 ad
521 1328 701 1362 ecclesiam.

140 1423 184 1456 10
195 1432 224 1457 a.
255 1423 329 1455 Tali
356 1425 423 1456 vita
450 1424 632 1466 decoratus,

257 1471 370 1504 Tantis
399 1473 497 1513 signis
523 1473 699 1505 adornatus

305 1520 442 1552 Savinus
468 1522 665 1554 clarissimus

135 1615 176 1649 11
190 1625 220 1649 a.
247 1617 345 1657 Ergo,
373 1616 503 1657 fratres,
532 1628 721 1650 veneremur

255 1666 386 1698 Patrem
404 1671 549 1698 nostrum
564 1671 595 1698 et
608 1671 767 1699 sectemur

302 1714 410 1754 Ipsius
437 1715 584 1756 vestigia,

877 271 941 306 4b.
972 272 1055 304 Nam
1081 283 1195 306 curans
1222 275 1376 308 interiora

972 320 1121 354 Servavit
1147 324 1309 356 exteriora

1019 370 1159 403 Provido
1185 371 1364 404 libramine.

880 466 944 497 5a.
975 465 1124 505 Praedia,
1153 469 1383 508 possessiones,

975 512 1113 546 Fructus
1140 525 1251 548 omnes
1278 521 1309 548 et
1335 518 1463 550 labores

1021 562 1136 595 Editos
1164 573 1203 596 ex
1230 566 1361 598 semine.

876 658 896 690 6
909 655 940 688 b.
972 658 1073 695 Pado,
1085 660 1243 691 mandans
1253 665 1348 701 atque
1358 661 1469 694 iubens
1478 689 1485 702 ,

972 705 1015 738 Ut
1034 712 1176 738 cessaret
1190 718 1321 747 prorsus
1336 710 1487 750 linquens

1017 753 1113 786 Suum
1143 757 1352 791 territorium.

874 848 935 882 7b.
968 850 1032 881 Sed
1060 851 1099 882 de
1123 856 1229 884 cetero
1253 854 1300 884 sic
1325 855 1425 894 stetit,

970 897 1058 929 Sicut
1085 905 1215 931 sanctus
1243 902 1292 932 vir
1317 904 1483 943 praecepit

1019 946 1054 977 In
1079 948 1196 979 virtute
1222 949 1360 982 Domini.

875 1040 939 1074 8b,
968 1042 1115 1082 Monens,
1142 1050 1177 1075 ut
1204 1052 1423 1078 removeretur

966 1090 1011 1122 Et
1035 1092 1066 1122 in
1094 1093 1204 1124 tumba
1231 1095 1424 1126 conderetur

1014 1139 1153 1172 Victoris
1179 1142 1351 1180 pontificis.

864 1234 924 1267 9b.
958 1235 1021 1268 Ubi
1048 1245 1121 1268 mox
1147 1247 1203 1269 sex
1230 1239 1430 1272 advenerunt

964 1284 1144 1323 Praesules‚
1173 1288 1224 1326 qui
1255 1287 1443 1320 dicaverunt

1007 1333 1164 1374 Martyris
1191 1337 1388 1369 memoriam.

840 1428 883 1460 10
895 1428 925 1461 b.
959 1429 1059 1461 Modo
1086 1432 1202 1470 gaudet
1233 1441 1302 1463 cum
1330 1434 1450 1470 electis,

958 1477 1058 1509 Modo
1084 1479 1175 1510 sedet
1203 1489 1273 1511 cum
1298 1480 1450 1520 perfectis

1000 1527 1036 1557 In
1063 1528 1212 1567 supernis
1236 1529 1377 1562 sedibus,

832 1619 874 1654 11
888 1621 918 1654 b.
954 1622 996 1654 Ut
1023 1622 1055 1653 in
1082 1624 1178 1654 caelis
1206 1625 1399 1658 collocemur

950 1670 992 1702 Et
1020 1679 1090 1702 cum
1117 1672 1188 1711 ipso
1214 1673 1389 1713 gloriemur

999 1719 1064 1751 Per
1089 1726 1220 1753 aeterna
1246 1723 1385 1756 saecula.

212 1809 376 1837 Collectan.
406 1819 460 1837 ms.
488 1811 694 1838 Placentinum
722 1819 798 1841 saec.
829 1811 902 1840 ¹²1'1a.
925 1814 995 1841 cod.
1019 1816 1115 1851 Capit.
1138 1817 1302 1844 Placentin.
1331 1818 1376 1846 65.
1398 1819 1464 1848 add.

129 1855 206 1914 {aem
232 1845 274 1876 13.
296 1863 333 1868 —
355 1849 412 1876 Mit
432 1850 571 1878 Melodie.
596 1865 628 1869 -—
650 1849 712 1884 4a,
744 1851 755 1878 1
781 1853 842 1879 Nec
864 1853 942 1880 fecit.
959 1868 997 1872 —
1015 1855 1165 1882 Abschrit't
1188 1865 1245 1883 von
1267 1858 1339 1884 Rev.
1362 1859 1399 1887 H.
1423 1859 1462 1885 M.

156 1888 296 1915 annister.

570 2004 636 2035 285.
680 2005 721 2036 De
741 2007 853 2037 sancto
876 2006 1018 2038 Sebaldo.

150 2103 167 2138 1
182 2111 212 2135 a.
244 2103 406 2144 Hymnum
422 2110 517 2137 canat
531 2105 624 2145 plebs
637 2106 789 2149 iucunda,

244 2153 369 2184 Psallat
387 2154 492 2185 clerus
507 2158 614 2185 mente
628 2155 757 2197 munda,

244 2201 407 2234 Plaudant
443 2202 538 2234 simul
562 2202 759 2236 laetabunda

289 2251 486 2291 Angelorum
513 2252 642 2291 agmina

143 2347 204 2380 22.
237 2347 467 2380 coruscantem
493 2347 621 2381 infinite

238 2395 381 2428 Mortem
394 2400 468 2438 post
482 2400 515 2428 et
524 2406 645 2429 moram
657 2397 752 2440 vitae,

239 2443 301 2483 Qui
333 2445 550 2486 conscriptam
584 2448 671 2477 tenet
693 2446 756 2478 rite

289 2492 476 2534 Legendam
512 2503 582 2526 cum
607 2494 753 2528 historia.

841 2349 907 2385 2b.

852 2107 913 2141 lb.
943 2108 1073 2140 Summo
1099 2110 1176 2150 regi⁷
1205 2112 1258 2150 qui
1286 2112 1403 2143 direxit

942 2158 1051 2197 Atque
1079 2158 1283 2200 Nuremberg
1310 2161 1429 2192 invexit

940 2204 1186 2245 Confessorem‚
1214 2216 1307 2247 quem
1335 2209 1458 2241 dilexit.

991 2253 1087 2286 Clara
1111 2264 1170 2294 per
1196 2256 1362 2290 miracula.

939 2351 1048 2390 Stirpe
1077 2351 1116 2382 de
1143 2352 1244 2391 regali
1271 2357 1375 2392 natuS,

938 2399 1118 2431 Sanctitate
1145 2401 1370 2440 comprobatus

938 2447 999 2479 Est
1023 2457 1042 2479 a
1069 2447 1202 2480 Christo
1230 2450 1406 2483 collocatus

986 2496 1039 2528 Ad
1067 2497 1147 2528 caeli
1174 2497 1300 2534 sedilia.
