1655 2713
719 157 762 161 -
812 136 882 172 344
935 157 972 162 --

581 239 644 269 357.
685 239 726 270 De
747 242 853 271 sancto
873 240 1112 283 Herminigildo.

216 307 273 338 la.
306 307 491 348 Levigildus

356 364 410 387 rex
440 357 665 396 Wisigotarum

308 403 451 444 Gentem,
480 410 599 435 trucem

353 461 439 482 more
466 452 649 491 bestiarum,

401 499 540 530 Subiecit
570 501 715 540 imperio.

212 571 270 602 aa.
300 570 492 610 Episcopum

351 619 447 649 mittit
473 620 635 662 Arianum,

303 665 478 697 Confitetur

352 722 420 744 esse
447 715 671 757 Chrisfianmu,

397 762 497 801 Negat
525 764 691 796 sacrificia.

205 834 222 861 :J
235 841 262 862 a.
298 832 364 863 Rex
391 835 554 873 promissis

347 890 406 911 non
434 887 539 921 potest
562 882 691 914 flectere

299 927 408 967 Neque
436 930 527 960 minis

345 976 479 1006 animum
508 982 631 1009 vertere

391 1023 564 1055 Firmatum
591 1028 778 1060 constantia.

204 1094 261 1123 421.
292 1093 388 1124 Festo
417 1095 554 1126 Paschae

345 1144 586 1180 superveniente

294 1188 415 1220 Ariano

340 1236 381 1266 ad
408 1237 489 1268 hunc
514 1240 696 1279 accedente,

364 1284 422 1322 Qui
450 1284 583 1317 hostiam
610 1287 734 1329 obtulit,

200 1354 257 1383 53.
289 1354 330 1384 Et
357 1357 459 1386 securi

340 1408 433 1442 caput
459 1404 692 1446 confringentes

290 1449 341 1480 Sic
370 1453 494 1490 corpori

337 1497 432 1528 vitam
459 1498 650 1537 auferentes.

383 1545 500 1577 Meruit
528 1549 686 1583 caelestia.

195 1613 253 1644 Ga.
284 1613 345 1645 Hic
372 1616 410 1646 de
437 1623 536 1649 morte

336 1664 401 1694 nati
425 1666 579 1703 paenituit

286 1708 327 1739 Et
354 1711 384 1742 in
411 1713 506 1743 corde

332 1758 501 1798 plurimum
529 1761 630 1793 doluit

376 1806 495 1846 Magna
525 1818 594 1840 cum
620 1813 787 1848 maestitia.

190 1874 249 1906 7a.
282 1875 426 1916 Dumque
451 1889 581 1918 granum

327 1924 359 1955 in
386 1930 502 1958 terram
530 1930 656 1969 cecidit,

280 1970 429 2011 Magnam
455 1984 587 2007 messem

325 2021 443 2059 populo
473 2023 615 2056 reddidit

373 2068 409 2099 In
435 2071 573 2103 maxima
597 2074 699 2113 copia.

183 2136 240 2169 Sa.
271 2137 447 2172 Moriamur

323 2187 355 2218 in
382 2189 447 2220 vita
472 2193 624 2232 peccatis,

275 2232 487 2276 Resurgentes

321 2282 417 2315 simus
444 2294 512 2317 cum
540 2287 640 2320 beatis

368 2332 445 2364 Post
473 2335 556 2366 vitae
582 2338 748 2373 curricula.

904 312 964 345 lb.
997 313 1117 346 Summi
1144 316 1228 356 regis

1041 362 1192 402 Sigiberti
1211 370 1329 406 natam,

990 410 1088 448 Quam
1116 410 1200 443 filius

1040 458 1195 491 habuerat
1221 466 1355 503 gratam,

1087 507 1240 540 Iunxerat
1264 511 1410 543 conubio.

896 576 958 610 2b.
989 578 1054 608 Iste
1080 587 1210 619 regnum

1037 630 1197 659 terrenum
1227 629 1385 670 despexit,

987 673 1040 704 Ad
1067 675 1235 708 caelestem

1035 724 1171 762 patriam
1199 726 1305 757 evexit

1082 771 1224 804 Mentem
1260 775 1301 805 ad
1333 775 1496 809 caelestia.

891 840 953 873 3b.
987 842 1082 873 Pater
1111 853 1208 883 regno

1034 894 1161 923 terreno
1188 893 1339 934 privavit⁷

986 938 1110 969 Collum
1139 938 1225 972 ferro

1030 995 1139 1018 munus
1165 988 1321 1028 adligavit

1077 1034 1112 1065 In
1144 1040 1212 1067 arta
1240 1038 1396 1072 custodia.

888 1102 950 1135 4b.
982 1103 1014 1135 Si
1045 1105 1084 1135 de
1110 1115 1204 1137 manu

1028 1161 1119 1184 sacra
1146 1156 1337 1195 perciperet,

981 1198 1032 1230 Sic
1059 1201 1193 1239 gratiam

1026 1249 1128 1287 patris
1155 1251 1330 1290 reciperett,

1073 1295 1136 1327 Sed
1162 1299 1249 1329 exire
1275 1301 1438 1340 compulit.

881 1364 941 1397 5b.
972 1366 1015 1396 Et
1041 1367 1205 1407 lampades

1020 1419 1112 1446 nocte
1137 1418 1368 1461 accenduntur,

975 1463 1149 1501 Angelicae

1020 1520 1113 1542 voces
1140 1513 1314 1546 audiuntur

1066 1559 1160 1592 Dulci
1188 1570 1255 1592 cum
1284 1564 1433 1597 melodia.

877 1625 938 1660 6b.
967 1627 1046 1659 Nam
1072 1630 1252 1663 Richardus

1016 1686 1077 1708 non
1104 1680 1247 1718 sequitur
1272 1687 1408 1721 patrem,

969 1723 1032 1755 Sed
1059 1726 1089 1756 in
1116 1726 1179 1758 fide

1017 1772 1160 1805 imitatur
1186 1774 1317 1809 fratrem

1064 1821 1190 1854 Relicta
1211 1825 1361 1863 perfidia.

870 1888 930 1921 7b.
961 1889 1022 1933 Sic,
1051 1892 1124 1924 dum
1152 1897 1235 1935 regis

1012 1939 1096 1971 filius
1124 1944 1267 1983 moritur,

968 1985 1053 2018 Gens
1081 1988 1217 2022 barbara

1010 2034 1104 2067 fidem
1132 2040 1338 2078 amplectitur

1056 2084 1137 2116 Tota
1164 2096 1233 2119 cum
1259 2092 1435 2129 provincia.

864 2151 926 2185 8b.
959 2154 1041 2186 Caro
1068 2162 1177 2190 nostra

1005 2204 1135 2237 tandem
1161 2209 1325 2250 moritura,

958 2251 1027 2290 Qua
1053 2258 1179 2287 mortua

1004 2306 1148 2342 resurget
1172 2304 1295 2338 victura

1051 2349 1114 2381 Per
1138 2355 1270 2385 aeterna
1295 2359 1432 2392 saecula.

230 2393 366 2431 Sequent.
389 2407 441 2425 ms.
457 2400 680 2431 Ravennatense
701 2407 771 2433 anni
797 2405 954 2438 1585—87.
969 2412 1040 2440 Cod.
1058 2415 1190 2444 Classen.
1211 2417 1268 2447 360
1287 2420 1362 2451 (139.
1385 2423 1412 2452 5.
1429 2426 1470 2461 S).

152 2445 187 2448 —
210 2429 228 2458 3
238 2432 264 2466 b,
285 2432 302 2461 3
321 2434 433 2463 Colum.
