1655 2713
675 163 941 199 —217—

159 249 223 282 6a.
256 250 328 290 Qui,
352 260 424 285 cum
442 255 559 288 multos
576 257 770 292 illustrasset
857 261 920 295 6b.
952 262 1055 294 Nocte
1081 263 1217 302 quadam
1246 261 1416 304 fastigatus

258 297 301 330 Et
327 307 454 333 errores
480 304 691 344 exstirpasset
955 311 996 343 Et
1023 321 1040 342 a
1066 310 1161 351 plebe
1187 316 1371 352 segregatus

304 347 421 380 Parum
448 359 467 381 a
493 351 636 391 Colonia,
999 359 1118 391 Mansit
1146 359 1177 391 in
1204 360 1350 392 ecclesia.

159 421 218 454 78·
249 422 413 464 Quemque
440 426 503 459 duo
529 429 640 461 adiere
858 435 917 467 Tb.
949 436 1029 467 Tres
1081 442 1153 476 post
1198 437 1266 468 dies
1305 437 1465 469 Christum

251 469 296 502 Et
322 479 472 505 coronam
500 480 671 514 portavere
1173 494 1293 523 cernes⁷

275 519 429 560 Caelique
455 531 493 554 ex
521 525 627 557 curia:
947 531 1078 567 Dicunt,
1107 533 1191 564 velut
1220 534 1322 565 sancti
1349 542 1462 566 omnes

995 580 1089 611 Omni
1115 580 1235 621 absque
1263 580 1356 615 furia.

155 642 216 676 8a.
248 643 348 676 Pater
373 650 514 686 sanctus,
541 657 611 680 cum
632 650 765 683 vidisset
853 654 912 686 Sb.
946 655 1031 686 Voce
1060 656 1118 687 Dei
1146 661 1192 687 est
1222 663 1362 690 vocatus.

250 691 405 733 Haecque
431 693 588 728 fratribus
618 697 762 741 dixisset,
947 704 1079 735 Caelum
1107 710 1218 744 petens
1246 712 1429 745 coronatus,

296 740 425 781 Degens
451 743 483 774 in
511 745 660 776 Almania
990 753 1125 783 Manens
1152 753 1183 783 in
1211 753 1354 788 Colonia.

153 817 214 852 9a.
246 817 339 857 Quod
367 818 501 851 Treveri
528 830 697 862 agnovere.
849 826 912 859 9b.
944 830 971 860 A
1002 828 1131 860 Colonis
1159 830 1329 872 petierunt,

249 865 293 898 Ut
320 865 521 907 Tongreuses
549 879 722 909 perrexere
944 876 1012 914 Quo
1039 880 1167 915 pastore
1194 879 1360 910 voluerunt

295 915 416 955 Magna
444 925 513 948 cum
541 919 712 953 maestitia.
992 923 1070 955 Frui
1098 934 1166 955 cum
1194 925 1331 960 laetitia,

126 991 170 1024 10
182 1000 210 1026 a.
245 991 379 1024 Certant
405 993 466 1031 illi,
494 998 617 1026 certant
644 996 708 1031 isti,
822 999 862 1031 10
875 999 905 1032 b.
938 999 1042 1031 Senex
1069 1001 1198 1032 tandem
1226 1003 1416 1044 apparebat,

243 1040 339 1080 Quos,
367 1041 525 1080 Materne,
555 1043 702 1075 direxisti
939 1048 1038 1086 Quem
1054 1057 1112 1079 nec
1127 1050 1454 1090 priusquisvidebat,

246 1088 317 1120 Hac
344 1089 482 1121 scientes
509 1091 592 1122 velle
619 1091 741 1124 Christi
940 1096 1034 1128 Iussu
1061 1096 1121 1127 Dei
1146 1098 1171 1128 is
1200 1098 1325 1130 dicebat

293 1136 503 1177 Disponentis
529 1140 646 1172 omnia.
965 1144 1072 1176 Verba
1099 1145 1177 1177 haec
1205 1147 1349 1187 egregia:

125 1213 208 1246 lla.
240 1213 323 1245 Navi
351 1224 468 1255 corpus
494 1216 574 1248 illud
603 1217 678 1249 date
822 1220 862 1252 11
877 1220 906 1254 b.
939 1221 1047 1253 Fluxu
1073 1223 1164 1253 navis
1185 1223 1267 1254 hunc
1289 1233 1454 1264 sumpsere

245 1261 313 1294 Nec
338 1268 498 1295 vectorem
523 1265 675 1307 adunate,
939 1269 1035 1301 Roris
1062 1279 1163 1310 prope
1190 1271 1265 1302 litus
1294 1281 1368 1303 vere

237 1310 328 1342 Nam
356 1311 492 1344 clarebit
519 1314 565 1344 sic
591 1315 728 1354 probate
938 1318 1165 1350 Treverenses.
1194 1321 1245 1359 qui
1274 1321 1397 1353 sincere

288 1359 348 1391 Dei
374 1361 601 1400 praescientia.
987 1367 1072 1398 Rore
1099 1368 1203 1407 privat
1232 1377 1378 1408 corpora.

117 1435 200 1469 12a.
237 1435 342 1478 [Bone
375 1437 521 1480 pastor]‚
549 1449 568 1471 ο
594 1441 753 1479 Materne,
817 1443 904 1476 121).
936 1444 978 1475 Et
1005 1442 1055 1474 fac
1080 1453 1189 1476 servos
1216 1446 1330 1476 summi
1350 1446 1450 1484 ducis,

238 1484 328 1518 Caeli
356 1486 436 1518 civis
462 1488 640 1528 aevsterne,
935 1492 1019 1530 Quos
1047 1492 1182 1523 redemit
1211 1499 1314 1524 morte
1334 1496 1448 1533 crucis,

237 1532 339 1565 Natos
366 1535 460 1566 vallis
487 1535 664 1568 hodiernae
937 1540 1010 1571 Post
1039 1540 1121 1571 hanc
1139 1541 1236 1572 vitam
1256 1551 1351 1573 verae
1370 1543 1448 1575 lucis

238 1582 324 1614 Vera
347 1582 437 1615 urbis
464 1585 681 1624 sempiternae
935 1588 1044 1619 Rebus
1072 1587 1135 1620 frui
1162 1599 1224 1621 non
1252 1591 1384 1622 caducis

282 1630 440 1663 Transfer
466 1633 508 1664 ad
536 1633 667 1667 solacia.
986 1637 1019 1667 ln
1046 1641 1179 1668 aeterna
1205 1639 1343 1671 saecula.

189 1707 273 1734 Miss.
302 1716 356 1734 mS.
386 1708 415 1735 S.
444 1709 639 1737 Elisabethae
671 1711 894 1738 Vi'ratislavien.
922 1722 997 1739 saec.
1026 1710 1068 1739 15.
1098 1713 1169 1740 (3οᾱ.
1196 1714 1272 1741 Mus.
1301 1716 1448 1743 Silesiaci.

112 1741 177 1772 Fol.
193 1746 208 1773 I
229 1743 266 1773 83
288 1755 313 1773 c.
330 1761 365 1765 —
387 1745 439 1777 3³.
461 1747 479 1774 3
500 1748 627 1775 Elsatia.
650 1763 686 1767 —
709 1748 761 1781 Ἡ),
784 1747 802 1776 2
823 1750 950 1777 Ducunt.
965 1765 1001 1768 —
1026 1750 1096 1783 lOa,
1118 1751 1135 1778 3
1156 1752 1221 1779 Hac
1242 1755 1289 1783 t=
1313 1754 1366 1781 hac·
1389 1756 1447 1788 via,

112 1784 244 1819 ratione).
278 1801 309 1805 —
342 1784 413 1817 llb,
443 1784 469 1813 2.
517 1787 558 1814 Zu
587 1787 652 1815 dem
681 1789 796 1815 Namen
825 1789 912 1816 Raris
941 1789 999 1823 vgl.
1022 1791 1094 1817 Acta
1117 1792 1168 1818 55,
1195 1792 1274 1827 Sept.
1306 1793 1361 1822 lv.
1391 1792 1449 1821 392

111 1820 157 1856 (N.
181 1821 235 1851 197
257 1824 305 1858 ff.)-
327 1839 365 1842 —
386 1825 530 1853 Melodie:
555 1826 700 1853 Laudes
722 1828 862 1854 crucis.

553 1940 621 1970 242.
654 1940 696 1971 De
718 1941 826 1971 sancto
848 1940 998 1972 Materno.

134 2030 195 2064 la.
229 2031 323 2071 Veni,
351 2034 462 2062 sancte
488 2031 634 2073 spiritus,
837 2031 896 2065 lb.
931 2033 990 2072 Qui
1019 2033 1131 2066 doctus
1159 2036 1313 2069 divinitus

228 2079 293 2112 Per
317 2088 411 2119 quem
438 2079 592 2111 mundum
615 2079 745 2112 inclitus
930 2081 1155 2116 Trevirensem
1183 2086 1330 2124 primitus

276 2127 446 2171 Maternus
473 2128 635 2169 edomuit;
978 2130 1061 2163 Fide
1085 2136 1211 2172 gentem
1240 2134 1365 2169 imbuit,

132 2206 196 2240 22.
228 2205 308 2237 Vice
335 2205 424 2238 Petri
452 2204 597 2246 fungitur
831 2205 894 2241 2b.
927 2207 976 2240 lbi
1002 2216 1036 2239 se
1063 2211 1228 2249 gentilium

222 2254 267 2287 Et
292 2263 312 2286 a
343 2253 440 2286 Petro
467 2254 606 2286 mittitur
927 2255 988 2288 Dei
1015 2265 1074 2296 per
1099 2259 1253 2290 auxilium

273 2302 328 2334 Ad
355 2307 467 2343 partes
494 2302 706 2342 Germaniae3
975 2304 1080 2337 Obicit
1109 2305 1267 2339 fallaciae.

124 2380 186 2413 3a.
219 2379 305 2412 Huic
330 2384 461 2412 sanctus
490 2379 638 2412 Valerius
827 2380 894 2415 3b.
928 2382 1023 2415 Vitae
1049 2383 1133 2415 viam
1160 2383 1315 2422 indicant,

224 2427 327 2461 Simul
354 2432 385 2460 et
412 2428 595 2461 Eucharius
922 2431 1044 2465 Christi
1071 2440 1186 2464 nomen
1213 2434 1407 2474 praedicant

270 2476 447 2517 Eligantur
472 2477 562 2510 socii.
970 2479 1090 2512 Sordes
1117 2481 1219 2514 vitant
1246 2483 1314 2516 otii.
