1655 2713
227 253 289 285 4a.
323 252 390 291 Quo
416 252 543 284 iubente

374 300 448 340 lupa
473 311 491 332 a
518 300 632 334 finibus

327 347 440 379 Statim
467 347 545 389 fugit

373 397 509 435 arreptis
536 395 682 430 foetibus.

326 443 367 474 Et
395 443 494 475 bestia

372 491 412 522 ab
439 492 502 522 illis
529 493 672 531 partibus

418 539 594 579 Effugatur.

225 646 286 676 Sa.
319 644 416 675 Trina
443 644 510 676 viee

370 697 487 723 terram
514 697 726 734 percusserat,

322 739 531 771 Inundantem

369 796 482 826 aquam
509 790 705 828 produxerat
718 803 725 825 >,

324 835 500 874 Egentibus

369 883 414 913 sic
439 883 546 916 Moses
571 884 701 918 fecerat.

414 932 498 970 Quos
526 933 685 966 servabat.

226 1037 247 1068 6
259 1045 288 1068 a.
321 1037 507 1076 Insurgente

370 1083 476 1115 furore
502 1085 661 1118 Saxonum

322 1132 350 1162 A
375 1130 489 1162 finibus

368 1179 519 1211 recedunt
547 1180 710 1214 Britouum

323 1226 500 1258 Comitatur

372 1274 465 1306 turba
490 1276 662 1315 nationum,

419 1322 501 1353 Dum
529 1329 683 1362 portatur.

715 1209 722 1224 5

227 1427 287 1459 721.
321 1427 422 1465 Caeci,
450 1429 539 1460 surdi

371 1479 401 1506 et
425 1476 541 1515 claudi,
569 1477 700 1519 debiles,

322 1523 486 1555 Continuis

372 1572 537 1603 momentis
562 1572 675 1604 labiles

322 1619 539 1651 Adeurrentes

367 1666 409 1698 ad
436 1670 509 1698 vota
534 1667 665 1700 humiles

416 1714 629 1748 Roborantur.

832 157 897 191 142
947 177 994 182 —

917 254 980 287 4b.
1013 255 1134 288 Cervus
1159 255 1282 299 ingens,

1060 312 1154 343 quem
1179 313 1292 336 canum
1318 304 1454 338 latratus

1015 350 1232 392 Persequitur,

1060 407 1155 431 cursu
1178 399 1330 442 fatigatus

1010 446 1053 478 Et
1079 448 1121 480 ad
1148 449 1247 488 pedes

1059 495 1144 528 beati
1170 501 1351 537 prostratus

1107 544 1334 578 conservatur.

913 648 974 682 5b.
1008 650 1045 682 In
1071 649 1241 689 profundis

1055 707 1157 737 aquae
1183 700 1362 739 gurgitibus

1009 745 1049 777 Se
1076 746 1210 786 singulis

1056 795 1218 834 mergebat
1247 797 1405 834 noctibus,

1008 841 1163 874 Membris
1190 844 1254 874 suis

1056 890 1278 922 lascivioribus

1102 939 1295 978 Imperabat.

916 1041 976 1074 6b.
1009 1043 1059 1074 Ab
1087 1046 1238 1076 extremis

1057 1091 1202 1130 partibus
1227 1093 1418 1125 translatum

1009 1139 1104 1170 quta
1130 1145 1259 1179 pontem

1057 1187 1221 1226 Sequanae
1246 1189 1394 1231 locatum,

1008 1234 1191 1266 Corboilum

1054 1283 1181 1314 nomine
1210 1290 1365 1322 vocatum,

1080 1330 1274 1364 Honoratur.

913 1434 974 1468 7b.
1005 1435 1057 1467 Ad
1084 1440 1114 1467 te
1140 1445 1248 1468 omnes

1054 1484 1197 1516 venimus
1224 1486 1397 1527 supplices,

1005 1532 1090 1563 Ante
1117 1532 1219 1564 Deum

1053 1583 1122 1611 tuos
1145 1580 1309 1613 iustifices.

1007 1626 1081 1658 Post
1108 1628 1188 1660 hanc
1211 1630 1309 1661 vitam

1053 1676 1115 1706 sint
1143 1685 1201 1716 per
1226 1681 1257 1708 te
1284 1677 1394 1710 felices

1099 1724 1140 1755 Et
1167 1725 1341 1759 salventur.

277 1818 436 1845 Collectan.
460 1828 511 1846 ms.
533 1819 720 1849 Corholiense
742 1831 817 1849 saec.
843 1822 886 1851 16.
908 1825 977 1853 Cod.
998 1825 1239 1862 Sangenovefian.
1261 1828 1326 1857 580.
1348 1831 1414 1858 add.
1436 1841 1513 1861 anno

200 1854 282 1883 1587.
308 1872 340 1875 —
363 1857 417 1883 Mit
438 1858 574 1885 Melodie.
596 1874 632 1878 —
655 1857 704 1893 la,
726 1858 744 1887 3
765 1862 897 1889 exsultet.
920 1878 955 1882 —
976 1862 1027 1894 321,
1049 1863 1067 1892 ‘2
1093 1866 1230 1894 fexcerat.
1248 1883 1280 1887 —
1297 1867 1351 1899 412,
1373 1868 1391 1897 3
1412 1871 1515 1899 Perse·

197 1898 292 1921 cutus.

567 2059 570 2063 ·
604 2048 664 2079 152.
707 2048 748 2080 De
769 2059 792 2081 s.
816 2049 933 2082 Helena
955 2052 1109 2084 Trecensi.

620 2160 649 2191 1.
681 2159 860 2192 Iucundare
888 2166 992 2194 mente
1018 2167 1095 2205 tota,

681 2207 873 2240 Trecassina
900 2210 991 2249 plebs
1016 2211 1140 2247 devota.

219 2357 277 2390 2a.
312 2358 349 2390 In
375 2357 497 2390 Helena
524 2359 695 2400 verbigena

312 2406 520 2439 Collaudetur
545 2411 577 2440 et
602 2412 748 2441 cantetur

360 2455 505 2496 Hymnus
532 2465 602 2488 cum
628 2457 785 2498 melodia;

729 2254 868 2296 Speciali
896 2258 1007 2298 gloria.

902 2366 921 2398 2
933 2364 963 2397 b.
994 2365 1076 2397 Dum
1095 2367 1128 2399 in
1147 2369 1266 2401 sanctis
1284 2370 1353 2402 laus
1372 2370 1407 2403 fit
1433 2371 1502 2405 Deo

1001 2413 1045 2445 Et
1069 2417 1189 2448 sanctis
1215 2417 1316 2450 honor
1338 2419 1374 2451 in
1400 2429 1447 2460 eo,

1049 2462 1160 2496 Dulcis
1184 2471 1231 2497 est
1258 2467 1458 2508 symphonia.

1505 2399 1514 2416 5
