1655 2713
672 148 929 184 —139-

481 251 514 278 4.
542 246 658 278 Sancte
685 246 787 287 miles,
815 250 939 288 martyr
964 245 1067 285 fortis,

539 294 610 326 Duc
635 303 694 326 nos
722 295 762 326 de
787 295 949 336 gehennae
975 294 1088 336 portiS,

541 342 590 374 Ne
617 347 782 376 consortes
809 343 907 374 simus
933 343 1045 374 mortis

589 390 719 431 Nosque
745 390 952 425 cruciatibus.

215 464 288 492 Orat
308 474 362 492 ms.
386 465 526 493 Friderici
549 467 593 493 111
615 467 722 502 Imper.
739 466 800 494 Cod
815 467 1021 494 Vindobonen.
1042 464 1108 494 449.
1129 464 1156 493 4.
1178 479 1214 484 —
1239 464 1287 498 la,
1314 464 1327 492 l
1351 468 1465 501 martyr

134 504 243 540 Georgi
275 504 379 541 gaude.
408 519 445 522 —
474 503 535 537 312,
561 503 579 532 4
599 505 698 532 Ducat
725 513 778 532 nos
807 505 852 532 ad.
881 520 917 524 —
944 504 974 536 4,
1004 504 1016 531 1
1046 505 1131 532 miles
1157 504 1264 540 Georgi
1286 508 1406 540 martyr.
1427 518 1468 522 —

134 542 264 617 {gx-{gg}
293 543 445 570 sichtlich:
473 543 630 571 Verbum
660 544 790 571 bonum
818 545 871 571 mit
897 542 1131 579 lViederholung
1155 543 1206 570 der
1230 543 1339 571 letzten
1371 543 1464 570 Halb=

569 675 632 707 1⁴8.
674 676 717 707 De
739 676 847 707 sancto
869 674 1032 706 Germano.

166 768 223 799 la.
257 765 458 798 Germinabit
485 774 614 806 germen
644 767 772 806 iustum,
838 765 896 797 1b.
929 765 994 796 Ros
1014 765 1202 803 Germanus,
1230 764 1346 797 florens
1365 766 1442 805 vita,

260 813 400 846 Germen
415 822 552 846 vernans
565 819 595 845 et
607 817 773 846 venustum
930 813 1058 845 Christo
1085 813 1195 845 vivens
1222 814 1367 853 legiscita

307 862 384 894 Flos
410 861 640 902 Autissiodori‚
977 861 1087 893 Mente
1113 865 1224 893 tenens
1249 862 1392 895 memori.

162 950 223 982 2a.
257 949 378 982 Christi
404 949 505 988 legem
532 949 733 988 propagavit,
832 947 895 982 2b.
929 947 1045 979 Verbis
1056 947 1160 987 docet,
1180 947 1294 987 probat
1306 946 1469 986 operibus,

260 997 366 1028 Verbo
391 997 476 1028 vitae
501 995 627 1036 plebem
655 996 744 1035 pavit
928 995 1359 1035 Factuspraesulpraecellit
1374 995 1469 1028 mori.

306 1044 419 1076 Fidem
446 1044 587 1084 probans
613 1052 721 1083 opere.
1292 1043 1351 1075 bus

977 1091 1076 1123 Sacro
1103 1090 1205 1123 fretus
1231 1101 1373 1124 munere.

160 1161 222 1193 3a.
254 1160 382 1200 Oquam
395 1158 588 1200 feliX‚quam
599 1159 786 1199 praeclarus
830 1159 892 1193 3b.
927 1159 1061 1192 Praesul
1087 1158 1208 1199 absque
1234 1159 1369 1198 macula,

256 1208 390 1240 Praesul
421 1208 483 1239 iste
509 1207 637 1240 Christo
664 1217 767 1249 caruS,
925 1208 985 1248 Qui
1012 1208 1179 1239 mundavit
1206 1208 1334 1239 saecula

305 1256 438 1288 Praesul
473 1265 586 1288 carens
625 1256 768 1295 crimine,
976 1256 1026 1288 Ab
1055 1265 1199 1289 errorum
1227 1256 1356 1287 semine.

160 1347 223 1377 4a.
254 1344 317 1376 Hic
344 1344 385 1375 ad
412 1343 534 1383 Anglos
560 1343 773 1375 transmeavit
832 1342 894 1376 4b.
927 1342 1126 1375 Genofevam
1154 1342 1351 1379 informavit,

255 1392 298 1424 Et
325 1396 470 1424 errantes
498 1392 661 1423 revocavit
929 1392 1019 1423 Artis
1042 1401 1143 1423 novae
1169 1391 1375 1423 subarrhavit

302 1441 356 1473 Ab
383 1440 503 1472 erroris
529 1440 670 1481 scelere,
979 1440 1167 1480 Insignitam
1196 1439 1337 1472 foedere.

163 1530 222 1560 5a.
256 1528 390 1561 Clausus
417 1527 528 1559 tumba
553 1527 725 1559 Cassianus
834 1526 897 1560 5b.
933 1527 1016 1566 „Hic
1043 1525 1191 1566 quiesco“
1220 1527 1369 1565 inquiens

259 1576 376 1608 Vocem
388 1575 494 1616 solvit,
509 1584 580 1607 cum
592 1575 771 1607 Germanus
934 1575 997 1617 ,Et
1025 1579 1176 1615 exspecto
1202 1575 1341 1616 gestiens

310 1623 483 1656 Praemisit
509 1624 687 1665 eloquium:
1004 1624 1179 1655 Venturum
1207 1622 1395 1654 iudicium.“

163 1713 224 1745 62.
258 1711 364 1743 Vitam
390 1710 486 1742 nimis
512 1715 614 1742 artam
642 1710 775 1749 ducens,
837 1710 899 1744 6b.
932 1710 1031 1743 Manu
1059 1709 1201 1742 formans
1229 1710 1361 1750 propria

259 1759 355 1798 Fide,
384 1759 459 1800 vita,
488 1759 588 1799 signis
614 1759 736 1798 lucens,
933 1758 1075 1799 Sumpsit
1102 1759 1135 1790 in
1161 1759 1296 1797 laetitia,

309 1808 425 1840 Panem
453 1807 665 1840 hordeaceum
983 1807 1095 1839 Potum
1124 1807 1264 1838 subdens
1291 1816 1442 1847 aqueum.

165 1896 182 1928 7
199 1905 227 1928 a.
260 1896 326 1935 Sal,
345 1895 503 1937 legumen,
520 1895 775 1938 carnes‚vinum,
839 1893 899 1928 7b.
934 1895 1023 1926 Inter
1048 1894 1157 1927 trabes
1183 1894 1403 1931 accumbebat,

260 1944 382 1983 Pisces,
409 1947 521 1984 potum
548 1943 719 1975 sicerinum
933 1943 1033 1975 Lecto
1059 1948 1155 1983 caput
1181 1943 1386 1981 excludebat,

259 1992 331 2024 Non
358 1992 508 2035 gustavit,
541 1992 700 2024 cilicinum
935 1991 1017 2024 Nam
1046 2001 1226 2023 mensuram
1254 1991 1433 2023 excedebat

309 2041 443 2081 Semper
473 2050 598 2073 saccum
627 2041 775 2082 induens,
984 2041 1075 2072 Lecti
1103 2041 1212 2072 cervix
1240 2040 1393 2072 defluens.

165 2128 227 2161 8a.
258 2127 393 2160 Morbos
418 2132 512 2160 sanat
529 2128 632 2159 victor
650 2127 773 2170 mortis,
837 2127 899 2162 8b.
932 2127 1034 2159 Huius
1062 2126 1178 2158 festum
1207 2136 1407 2168 veneremur,

259 2176 366 2208 Vitam
391 2176 501 2209 reddit
517 2176 582 2209 iam
600 2175 774 2216 absorptis,
932 2176 1026 2208 Hune
1054 2176 1170 2207 devote
1198 2175 1420 2216 deprecemur,

307 2224 810 2264 Tandemcarnissolvenslegem
984 2224 1063 2256 Eius
1091 2233 1187 2264 prece
1213 2222 1436 2262 reformemur,

308 2274 346 2306 In
373 2274 491 2306 decore
516 2273 607 2306 videt
632 2281 738 2314 regem
986 2272 1026 2305 Ut
1055 2273 1087 2304 in
1117 2272 1242 2304 dextris
1269 2272 1447 2312 gloriemur

359 2322 516 2355 Revelata
542 2320 637 2354 facie.
1032 2321 1106 2353 Post
1143 2329 1232 2360 spem
1269 2319 1331 2352 frui
1358 2321 1479 2360 specie.

218 2399 302 2427 Miss.
317 2399 518 2427 Noviomense
540 2399 611 2434 imp.
628 2397 808 2433 Rothomagi
833 2395 914 2426 1506.
936 2411 973 2416 -
998 2395 1048 2426 lb.
1071 2394 1088 2424 2
1104 2396 1163 2432 legi
1179 2398 1268 2431 scita,
1291 2405 1327 2424 zu
1344 2394 1482 2433 legiscita

141 2436 223 2471 (oder
245 2437 320 2474 legis
341 2437 428 2472 scita)
447 2438 498 2465 cfr.
519 2437 686 2474 plebiscita.
709 2450 746 2455 —
770 2436 899 2464 Melodie
920 2435 1086 2464 vielleicht:
1109 2435 1253 2463 Laudes
1282 2437 1423 2468 crucis,
1450 2437 1482 2462 in

139 2475 297 2514 gekiirzter
316 2476 414 2505 Form.
