1655 2713
691 141 926 177 —65—

161 233 183 266 8
198 243 227 266 a.
260 231 381 268 Pastor
390 239 534 270 mutatur
543 241 619 270 tunc
627 238 660 270 in
668 246 793 278 saxum,
859 237 879 269 8
893 237 923 270 b.
956 235 1118 278 Quassata,
1149 236 1337 279 [per]multa
1361 248 1468 278 passa,

305 283 390 316 Oves
417 283 497 317 fiunt
522 286 687 326 locustae;
1005 285 1148 316 Firmam
1171 285 1300 316 tenebat
1320 291 1468 326 mentem,

255 329 347 362 Haec
382 331 461 364 fecit
493 333 581 366 Deus
613 333 774 365 clamans:
957 331 1147 365 confortata
1174 333 1214 365 de
1240 334 1330 373 pacis
1354 343 1468 373 massa,

487 381 555 413 Pax
581 390 661 419 sum,
1005 381 1093 420 Quae
1130 381 1223 412 docet
1251 381 1309 412 Dei
1344 387 1469 421 gentem

305 427 366 467 Qui
393 427 478 460 iuste
504 432 535 460 et
561 427 695 460 honeste
1055 430 1106 461 Ire
1134 429 1195 468 piis
1223 430 1396 469 gressibus.

357 475 453 507 Punit
486 485 547 516 pro
577 476 774 509 excessibus,

156 553 178 585 9
193 561 223 585 a.
255 549 340 593 Regi
366 561 478 593 regum
504 553 665 593 copulata,
858 555 877 586 9
894 553 924 586 b.
956 551 1115 593 Satrapae
1125 563 1262 593 pneuma
1277 553 1313 585 fit
1326 555 1359 585 in
1373 555 1470 590 unda,

257 601 431 640 Postquam
462 601 553 642 virgo
581 601 743 642 vapulata‚
953 602 1038 632 Filia
1065 603 1206 642 suscepit
1235 603 1353 633 munda

306 648 385 681 Cum
412 649 516 689 patris
543 649 703 681 iuvamine
1004 651 1031 682 A
1060 651 1143 682 malo
1170 650 1354 690 spiramine.

138 727 183 760 10
198 735 227 759 a.
260 723 321 764 Tu,
349 726 450 768 virgo,
479 726 578 759 debes
603 726 775 758 Dominum
837 727 880 760 10
897 727 927 760 b.
962 724 1066 767 Virgo
1100 728 1133 758 in
1163 728 1309 759 mammis
1336 728 1468 767 offensa,

308 774 412 806 Nobis
437 775 592 817 adunare,
1004 775 1106 807 Deum
1134 785 1261 815 semper
1287 776 1365 806 colis

255 823 365 862 Atque
390 823 616 855 eucharistiam
956 824 999 855 Et,
1025 824 1055 854 in
1080 823 1226 864 flammis,
1254 829 1288 854 tu
1312 833 1422 854 mensa

307 871 345 903 In
372 870 435 903 fine
461 880 647 913 procurare,
1008 872 1043 902 ln
1070 880 1168 902 arena
1194 872 1270 902 solis

354 920 474 952 Contra
489 919 587 951 robur
598 920 773 952 daemonis.
1053 920 1095 951 Et
1121 919 1200 950 ebur
1224 919 1414 951 Salomonis.

138 998 179 1031 11
195 1007 226 1032 a.
257 994 775 1038 Xristumregemcernislaetum,
838 997 878 1029 11
897 1007 924 1029 a.
961 994 1064 1030 Yesse
1088 995 1197 1028 florem
1225 997 1385 1035 invenisti,

253 1046 314 1085 Qui
330 1045 495 1086 absterget
504 1054 629 1079 omnem
646 1044 774 1085 fletum;
957 1045 1129 1077 Anchorae
1147 1046 1216 1085 spei
1236 1045 1308 1082 (ad)
1329 1044 1470 1085 haesisti,

255 1094 343 1133 Quae
350 1103 412 1126 non
421 1103 513 1126 curas
522 1094 638 1125 malum
648 1098 776 1134 metum,
955 1091 1062 1124 Cosmi
1089 1094 1186 1125 chaos
1213 1094 1374 1132 respuisti,

251 1142 320 1174 Nos
347 1142 446 1174 ducas
472 1142 513 1174 ad
541 1143 608 1173 eius
635 1146 770 1183 coetum,
954 1141 1121 1174 Galaxiam
1151 1141 1298 1178 docuisti,

303 1191 364 1230 Qui
390 1194 439 1222 est
463 1199 561 1230 super
587 1191 706 1222 sidera.
999 1190 1087 1229 Quae
1115 1190 1202 1222 ducit
1229 1190 1270 1221 ad
1297 1190 1438 1222 aethera.

458 1270 511 1302 12.
540 1265 642 1308 zyma
668 1267 769 1300 Babel
795 1266 888 1300 aufer
915 1265 1032 1309 (nunc)
1060 1267 1154 1304 laete,

541 1317 590 1348 Ne
617 1326 674 1348 nos
700 1316 841 1356 prendat
867 1316 979 1356 Dagon
1008 1320 1086 1351 rete,

543 1365 602 1403 Qui
628 1367 838 1405 praesumunt
865 1373 992 1404 semper
1019 1364 1059 1395 «le
1085 1368 1134 1406 te3

543 1414 669 1451 Senem,
698 1417 818 1451 natum,
846 1411 960 1444 flamen
989 1417 1072 1453 pete,

543 1463 587 1495 Ut
615 1460 746 1492 festinet
771 1462 813 1493 ad
840 1461 1032 1492 conductum

541 1509 694 1541 Nostrum
721 1508 920 1540 auferentem
950 1509 1067 1540 luctum

542 1557 586 1589 Et
613 1558 668 1589 det
693 1557 804 1595 Chere,
832 1557 920 1598 pium
948 1556 1099 1594 fructum,

543 1606 663 1637 Tecum
689 1606 773 1637 laete
799 1609 874 1645 post,
900 1614 1045 1636 examen.

544 1654 629 1693 Fiat,
654 1654 730 1693 fiat3
758 1655 873 1690 Amen,
901 1654 1017 1685 Amen.

219 1730 344 1758 Collect.
376 1739 429 1757 ms.
457 1729 620 1758 Altahense
645 1730 739 1766 (Sup.)
769 1738 844 1757 saec.
879 1729 922 1757 15.
950 1730 1022 1756 Clm.
1052 1730 1206 1756 Monaeen.
1236 1726 1321 1755 9508.
1351 1744 1387 1747 —
1417 1729 1474 1755 Mit

141 1767 273 1796 Melodie
293 1780 332 1790 =
353 1769 427 1796 Ave
453 1767 662 1806 virginalis
691 1770 816 1796 forma.
840 1783 875 1787 —
897 1768 959 1802 5a,
987 1766 1005 1796 3
1027 1769 1058 1794 in
1079 1769 1214 1803 suplicio.
1238 1782 1275 1785 —
1296 1766 1352 1798 fib,
1375 1766 1392 1794 3
1414 1768 1472 1794 dis-

142 1810 245 1844 cerpta
267 1811 320 1835 est.
341 1822 380 1827 —
403 1807 460 1841 7b,
483 1806 500 1835 5
522 1808 649 1835 flamine.
673 1823 706 1827 -
732 1807 803 1840 10³.
827 1807 844 1835 5
865 1808 955 1835 robur
976 1807 1122 1835 hamonis.

583 1932 630 1963 63.
674 1932 715 1963 De
737 1933 851 1963 sancta
873 1931 1027 1962 Barbara.

163 2013 180 2046 1
197 2023 227 2047 a.
259 2010 341 2056 Ave,
370 2014 461 2055 virgo
487 2023 652 2055 generosa,
862 2013 929 2046 1b.
960 2010 1041 2051 Ave,
1070 2011 1191 2043 candor
1218 2019 1312 2042 verae
1336 2011 1427 2052 lucis,

257 2062 416 2095 castitate
442 2063 584 2103 radiosa,
957 2062 1006 2093 Tu
1033 2070 1090 2092 nos
1118 2068 1213 2099 prece
1239 2063 1293 2090 tua
1320 2059 1410 2090 ducis

307 2111 448 2144 Deitatis
474 2110 644 2151 flosculus3
1006 2109 1057 2141 Ad
1085 2108 1166 2140 caeli
1192 2107 1333 2139 oracula.

158 2189 179 2222 2
195 2198 226 2222 a.
256 2186 410 2223 Bonitate
435 2189 610 2229 illustrata,
861 2189 880 2220 2
897 2187 928 2220 b.
960 2185 1053 2220 Bella
1079 2186 1169 2217 cuius
1196 2184 1236 2216 ad
1264 2184 1424 2216 culturam

258 2237 369 2270 Nobili
396 2247 435 2269 ex
462 2238 566 2278 stirpe
591 2241 679 2277 nata,
957 2235 1121 2267 Idolorum
1148 2236 1279 2264 monent
1306 2232 1418 2263 duram

304 2286 357 2318 Ex
382 2289 478 2328 patre
502 2286 670 2325 Dioscoro,
1006 2283 1056 2315 Ex
1084 2281 1182 2313 corde
1209 2280 1382 2320 pestigerO.

159 2365 225 2398 3³.
257 2359 426 2398 Christum
444 2373 598 2404 sponsum
613 2362 777 2394 maritavit
863 2364 882 2395 3
899 2363 928 2396 b.
962 2358 1022 2395 Cui
1049 2358 1129 2391 recti
1155 2358 1234 2390 dans
1261 2364 1413 2396 amorem,

255 2412 300 2444 Et
325 2412 500 2445 humanum
526 2411 690 2452 reputavit
958 2409 1028 2442 Nec
1054 2407 1182 2447 dilapsa
1206 2405 1239 2437 in
1266 2404 1416 2436 ardorem

306 2460 398 2493 Haec
423 2459 504 2493 felix
530 2459 685 2501 puellula,
1006 2457 1091 2489 Pura
1118 2455 1187 2486 sine
1213 2452 1350 2485 macula.

191 2519 213 2542 B
221 2519 257 2542 lu
265 2526 328 2549 me,
346 2519 518 2549 Sequentiae
534 2518 671 2542 Ineditae.
703 2517 751 2541 IX.
1280 2511 1298 2539 5
