1655 2713
726 163 988 198 -134—

230 269 290 300 63.
322 267 419 299 Serve
446 265 574 302 Christi,
913 257 974 292 6b.
1007 257 1085 296 Nos,
1113 256 1166 297 qni
1191 264 1300 287 snmus

324 315 390 346 Nos
416 324 435 345 a
460 313 543 344 tristi
1011 305 1128 346 vapor,
1156 302 1272 341 snmus,

372 363 455 394 Casu
481 369 582 397 serva,
1055 354 1194 393 Quorum
1220 350 1295 383 finis

372 409 416 441 Te
441 413 569 440 caterva
1057 400 1195 440 vermis,
1221 399 1313 437 cinis,

420 456 519 488 Canat
545 455 606 486 ista
632 452 755 484 laetius.
1108 449 1280 488 Surgamus
1304 447 1337 478 in
1364 444 1494 478 melius.

231 554 247 584 Τ
263 563 290 585 a.
325 552 421 590 Virgo
447 554 568 588 martyr
594 548 732 587 caespite
920 545 979 579 7b.
1015 543 1180 578 Claritatis
1205 543 1338 574 intimae

374 600 513 632 Centeno
548 595 609 628 fert
636 595 824 637 plusculum,
1059 592 1200 624 Lubrica
1225 590 1366 631 privatio

324 647 381 686 Qui
409 654 477 676 cum
505 649 631 684 sceptro
658 643 756 676 divite
1013 640 1088 677 Nos,
1118 641 1189 672 lesu
1215 639 1369 678 piissime,

374 693 514 732 Reliquit
542 698 572 724 et
599 691 770 730 saeculum,
1060 688 1154 728 Ligat
1179 687 1212 718 in
1239 686 1373 725 exsi1i0;

326 742 442 773 Trinae
469 740 580 772 messis
606 739 736 771 inclitae
1014 736 1139 768 Redeat
1164 735 1219 767 lux
1245 734 1371 766 animae

373 788 527 821 Referens
553 787 760 827 manipulum.
1062 784 1166 815 Patris
1192 782 1381 823 patrocinio.

278 885 360 911 Miss.
388 893 439 910 ms.
469 885 497 909 S.
519 882 666 909 Trudonis
696 890 770 908 saec.
802 879 844 907 14.
873 879 942 907 Cod.
965 880 1096 906 Monten.
1123 876 1159 905 28
1185 876 1271 911 (107).
1292 892 1328 896 ——
1350 874 1410 909 Ga,
1438 874 1457 902 4
1478 876 1527 903 De

204 927 329 950 caterva.

634 1031 687 1063 141.
729 1030 770 1062 De
793 1033 900 1061 sancto
924 1030 1086 1060 Frontone.

231 1129 287 1160 la.
320 1127 465 1159 Donatur
491 1127 581 1158 miles
607 1127 726 1161 laurea,
915 1123 976 1158 lb.
1007 1124 1075 1156 Lux
1103 1132 1255 1163 praesens
1281 1122 1385 1162 poscit
1404 1122 1524 1162 gaudia

322 1175 408 1214 Ergo
434 1179 636 1215 perstrepent
662 1183 798 1214 organa3
1009 1172 1126 1204 Sancta
1152 1171 1337 1202 ministrans
1363 1170 1439 1203 otia.

228 1272 289 1303 2a.
320 1269 487 1301 Absistant
514 1278 628 1300 rancor
654 1272 683 1299 et
710 1269 769 1306 ira,
915 1267 980 1301 2b.
1012 1267 1092 1298 Nam
1131 1267 1170 1297 de
1199 1275 1320 1298 morum
1349 1265 1535 1298 concordias

323 1317 497 1351 Pellantur.
509 1325 650 1356 quaeque
663 1321 733 1347 sunt
747 1317 837 1356 dira3
1010 1315 1120 1346 Dulcis
1146 1312 1224 1346 fluat
1249 1313 1426 1346 harmonia.

230 1415 248 1446 3
262 1422 291 1444 3.
323 1413 348 1444 Ο
374 1412 507 1453 Fronto,
536 1416 643 1442 nostra
669 1411 779 1451 gloria,
919 1410 979 1443 3b.
1013 1409 1110 1441 Cuius
1136 1409 1305 1449 praeclara
1329 1418 1462 1441 munera

323 1460 391 1491 Hac
420 1459 548 1490 laeteris
571 1459 771 1498 symphonia,
1013 1458 1201 1490 Conducant
1226 1466 1282 1489 nos
1309 1458 1350 1489 ad
1377 1457 1523 1496 aethera,

226 1559 285 1588 43.
318 1559 386 1594 Quo
411 1560 521 1586 nostra
546 1554 678 1594 plaudat
696 1563 828 1586 amoena
912 1555 974 1587 4b.
1009 1554 1090 1585 Voce
1116 1553 1243 1585 boando
1270 1562 1387 1584 canora

323 1603 399 1635 Cum
427 1607 606 1634 sanctorum
634 1603 792 1634 cantilena
1007 1602 1109 1634 Dulce
1133 1601 1232 1632 melos
1259 1601 1413 1634 Alleluia.

280 1698 361 1724 Miss.
389 1697 577 1723 Xantonense
604 1698 672 1732 imp.
699 1697 823 1724 Parisiis
852 1695 933 1724 1491.
959 1712 995 1716 -
1026 1695 1088 1729 23,
1119 1695 1131 1723 l
1163 1697 1328 1724 Absistunt.
1358 1711 1393 1715 -—
1414 1694 1481 1729 4b,
1510 1694 1526 1722 l

207 1736 283 1762 Voce
307 1735 416 1761 hrando
439 1744 555 1761 corona.
579 1751 612 1754 -—
637 1735 692 1767 4b,
715 1733 732 1761 *2
753 1734 872 1762 Dulces.

641 1885 701 1915 142.
743 1885 784 1915 De
806 1886 914 1915 sancto
936 1884 1081 1915 Fnrsaeo.

232 1982 288 2014 la.
323 1980 406 2021 Vita,
435 1978 508 2019 fide,
536 1979 633 2019 signis
657 1984 780 2019 gratum
914 1978 975 2011 lb.
1009 1979 1116 2010 Morte
1143 1981 1256 2012 ductus
1282 1981 1323 2013 ad
1351 1991 1487 2015 examen

325 2025 377 2071 [Et
405 2027 573 2059 virtutibus
601 2023 761 2070 ornatum]
1012 2026 1124 2058 Carnis
1152 2029 1235 2060 redit
1262 2030 1303 2061 ad
1332 2036 1496 2063 certamen

372 2075 435 2107 Dat
462 2074 635 2106 Fursaeum
663 2073 778 2108 Scotia.
1062 2075 1213 2107 Dictante
1239 2077 1371 2110 iustitia.

232 2174 293 2205 23.
326 2171 401 2202 Visa
427 2171 514 2212 prius
541 2169 648 2209 Stygis
675 2169 745 2200 viae
916 2169 979 2203 lb.
1012 2167 1225 2204 Gratulantnr
1250 2182 1270 2204 a
1297 2174 1407 2206 divino

325 2220 374 2252 Ac
400 2217 546 2251 caelestis
572 2217 756 2249 harmoniae
1013 2217 1143 2250 Visitari
1169 2221 1339 2261 peregrino

375 2266 498 2300 Grandi
525 2264 703 2298 differentia
1060 2265 1161 2308 Brito,
1190 2267 1284 2309 Saxo,
1315 2269 1433 2304 Gallia.

233 2365 252 2396 3
263 2373 292 2397 3.
325 2362 453 2395 Summa
480 2362 583 2401 docet,
611 2360 714 2392 calcat
737 2359 802 2392 ima
917 2359 980 2394 3b.
1013 2361 1146 2394 Morbos
1164 2372 1260 2403 prece
1275 2372 1368 2398 sanat
1382 2373 1514 2402 cunctos

328 2411 437 2450 Neque
473 2409 554 2442 rude
588 2412 699 2449 proter
730 2408 834 2448 clyma
1013 2409 1107 2442 Vitae
1132 2411 1242 2443 reddit
1266 2413 1333 2446 vita
1359 2413 1499 2458 functos,
1517 2395 1528 2412 ⁷

377 2459 478 2490 Rudis
505 2462 553 2489 est
577 2457 610 2488 in
636 2456 758 2497 gratia3
1062 2457 1191 2499 Effngat
1217 2460 1395 2498 daemonia.
