1655 2713
731 160 982 195 -140—

632 306 692 338 149.
733 304 774 334 De
795 302 904 334 sancto
925 300 1088 332 Germano.

228 404 287 436 la.
320 400 454 441 Triplici
480 397 622 438 tripudio
913 389 976 423 lb.
1007 387 1119 421 Trium
1144 385 1199 418 fiat
1225 385 1300 417 unio

324 449 456 488 Lingua,
483 455 570 477 mens
595 449 625 475 et
651 442 733 475 actio
1007 435 1123 469 Cordis
1150 443 1219 466 cum
1247 431 1385 464 melodio

322 496 441 529 Psallat
467 495 498 525 in
524 492 675 531 obsequio
1005 485 1048 516 Et
1073 487 1164 516 actus
1190 479 1348 522 perfectio

370 541 566 576 Confessoris
578 551 584 578 3
1056 530 1213 564 Melioris.

224 632 285 663 2a.
317 631 386 662 Hoc
413 628 588 660 Germanus
615 625 727 664 innuit,
911 620 973 653 2b.
1005 618 1067 650 Hic
1093 625 1209 658 genere
1237 614 1413 656 splenduit,

321 677 412 714 Nam⁷
439 675 522 715 quod
549 673 645 705 corde
672 671 773 705 latuit,
1006 666 1147 698 Scientia
1170 663 1289 703 floruit,

320 724 425 756 Verbo
449 726 558 754 sancto
586 721 692 752 docuit
1006 713 1193 747 Sanctitatis
1219 712 1273 743 lux
1301 710 1361 742 fuit

368 773 440 812 Ipse
467 770 555 802 foris.
1054 762 1097 793 Et
1123 761 1264 793 honoris.

225 860 286 892 3a.
317 859 444 890 Patrem
472 855 587 896 probat
613 854 750 891 bonitas,
911 849 973 883 3b.
1006 849 1088 881 Oves
1116 847 1205 887 pavit
1228 845 1385 883 subditas,

319 905 455 947 Iustitia,
483 903 622 937 castitas,
1008 896 1183 928 Revocavit
1208 893 1354 934 perditas

321 953 467 984 Victuum
492 951 659 990 asperitas,
1007 945 1090 976 Vere
1117 951 1252 982 sequens
1280 941 1410 973 semitas

369 1001 412 1032 Et
437 999 567 1031 laboris.
1056 991 1244 1024 Salvatoris.

224 1090 286 1120 4a.
316 1087 461 1119 Mortuos
487 1094 506 1116 a
531 1083 659 1115 tumulis
911 1079 973 1112 4b.
1007 1079 1126 1110 Lumen
1154 1077 1261 1108 reddit
1288 1076 1400 1114 oculis,

321 1134 430 1165 Virtus
455 1133 549 1164 solvit
576 1130 731 1171 praesulis
1005 1127 1182 1159 Sanitatem
1208 1124 1336 1165 populis

319 1182 360 1213 Et
388 1182 508 1212 vinctos
534 1189 553 1211 a
578 1178 712 1210 vinculis
1006 1173 1194 1207 Sanctitudo
1221 1172 1360 1204 consulis

367 1228 591 1269 Damnatori53
1054 1221 1229 1254 Sanatoris.

224 1319 280 1349 5a.
314 1317 426 1355 Terra,
452 1318 577 1354 pontus,
605 1312 744 1351 aethera,
910 1313 927 1341 5
946 1309 975 1340 b.
1008 1309 1105 1341 Cuius
1132 1317 1192 1348 ope
1220 1307 1323 1339 libera

319 1363 415 1402 Ignis,
439 1361 537 1392 multa
564 1365 668 1391 cetera
1006 1356 1189 1388 Tendamus
1216 1355 1258 1387 ad
1285 1364 1402 1397 supera

319 1410 412 1441 Tanti
438 1412 553 1440 norunt
580 1417 677 1448 opera
1007 1406 1222 1444 capescentes
1249 1413 1382 1435 munera

365 1457 570 1489 Subventoris
583 1467 590 1489 2
1055 1453 1230 1485 Creatoris‚

274 1544 355 1570 Miss.
384 1543 574 1581 Gerbeuuense
604 1543 672 1576 imp.
703 1540 860 1568 Gebennae
893 1537 974 1566 1491.
1003 1539 1036 1565 A.
1059 1554 1094 1558 —-
1115 1539 1198 1565 Miss.
1227 1538 1421 1565 Gebennense
1448 1538 1517 1573 imp.

193 1582 354 1609 Gebennae
385 1580 464 1608 1495.
491 1581 521 1607 B.
547 1594 583 1598 —
606 1580 688 1606 Miss.
710 1580 902 1607 Gebenuense
934 1579 1004 1613 imp.
1028 1577 1163 1613 Lugduni
1194 1576 1275 1604 1521.
1298 1576 1329 1604 C.
1351 1590 1388 1594 —
1410 1574 1471 1607 31),
1503 1574 1516 1602 1

195 1622 276 1656 pavit
294 1624 326 1647 ut
341 1620 423 1646 ΑΒΕ.
436 1634 470 1638 -
482 1619 535 1651 41),
551 1619 569 1646 4
582 1620 732 1645 senatoris
744 1618 775 1645 C.
787 1632 823 1636 —
835 1616 963 1644 Melodie
979 1616 1124 1643 offenbar:
1140 1616 1283 1644 Mariae
1300 1623 1433 1650 praeco
1444 1615 1517 1642 nio.

614 1769 674 1798 150.
716 1767 757 1798 De
780 1769 887 1798 sancto
911 1766 1095 1806 Glodulpho.

567 1866 596 1898 1.
619 1867 723 1904 Salve,
750 1875 807 1896 rex
833 1874 953 1906 regum,

619 1914 703 1944 Deus
730 1918 855 1945 tuorum
884 1914 1080 1952 praesulum,

223 2002 283 2034 2a.
315 2000 406 2039 Spes,
434 2001 496 2039 lux,
526 1999 602 2037 vita,
913 1998 975 2030 2b.
1007 1998 1109 2039 Salus,
1131 2000 1230 2031 virtus

321 2048 456 2087 Christe,
484 2046 637 2083 fidelium,
1008 2051 1039 2078 et
1065 2047 1154 2086 vigor
1179 2050 1328 2085 omnium.

221 2134 282 2167 3a.
315 2133 438 2166 Adesto
465 2132 538 2163 huic
565 2135 710 2162 catervae
907 2129 969 2163 3b.
1002 2131 1137 2172 Adauge
1164 2134 1249 2172 plebi
1278 2137 1412 2172 devotae

321 2181 489 2221 dignanter
1005 2187 1085 2218 quae
1111 2188 1260 2219 precatur
1414 2167 1421 2182 ²

320 2228 455 2261 solventi
479 2227 669 2268 praeconia;
1005 2227 1235 2269 supplicatque,
1264 2235 1416 2271 praemia.

221 2318 282 2349 4a.
316 2316 431 2347 Innata
457 2313 516 2345 tibi
914 2310 979 2344 4b.
1011 2312 1111 2345 Immo
1138 2315 1312 2356 redemptis

321 2364 441 2416 pietate
466 2362 528 2394 tuis
1010 2359 1138 2399 ignosce
1164 2360 1291 2395 famulis

320 2419 472 2442 miserere
1011 2407 1135 2440 diluens

323 2464 354 2490 et
379 2458 509 2498 indulge
534 2457 651 2497 servis3
1012 2457 1179 2488 commissa
1204 2460 1357 2497 parentis.
