1655 2713
704 173 971 209 —329—

169 259 211 294 15
223 270 252 295 a.
284 261 323 294 In
349 261 512 297 horrendo
538 275 668 300 carcere

287 309 433 343 Tandem
460 313 551 354 virgo
577 316 693 348 misere

287 359 474 398 Ingreditur
500 362 612 405 libere,

333 407 421 440 Mira
447 409 585 450 refulget
613 412 754 446 claritas.

164 487 208 520 16
222 497 251 520 a.
282 488 383 521 Beata
410 491 501 532 virgo
530 491 654 525 facibus

286 537 458 570 Ustulatur
483 540 686 581 ardentibus,

285 584 334 617 Ne
361 587 501 619 aeternis
528 588 654 628 ignibus

331 635 501 667 Cremetur
526 637 558 668 in
586 636 706 671 futuro.

162 715 243 748 17a.
274 716 311 747 In
339 716 425 749 dolio
451 718 631 757 gelidarum

281 763 404 803 Corpus
436 767 566 805 ponitur
592 777 758 809 aquarum,

281 812 383 844 Dolor
398 818 523 846 crescat
537 825 598 855 quo
608 826 794 860 poenarum,

328 861 503 894 Tormenta
529 865 697 897 sustineat.

162 942 203 975 18
216 951 245 977 a.
278 943 342 976 Pro
368 945 472 976 salute
499 955 555 977 sua
574 951 646 978 orat

279 991 323 1023 Et
349 1002 408 1033 pro
435 995 597 1032 perversis
622 996 796 1035 supplicat,

279 1040 324 1073 Ut
351 1041 450 1080 signis
477 1051 598 1074 memor
624 1044 761 1076 nominis

280 1087 404 1120 Sentiat
432 1090 494 1121 vim
522 1091 680 1131 numinis;

159 1170 203 1202 19
215 1179 244 1202 a.
275 1171 381 1203 Dolor
406 1177 518 1212 partus
545 1182 622 1205 suae
649 1174 748 1213 prolis

278 1218 402 1251 Gravat
427 1224 517 1252 artus
543 1222 726 1261 genetricis,

325 1268 445 1300 Incutit
471 1270 630 1312 suspiria;

153 1350 198 1382 20
211 1359 240 1383 a.
272 1350 399 1382 Memor
437 1355 505 1383 esto
531 1356 660 1384 nostrae
687 1354 793 1393 sortis,

276 1398 361 1430 Dum
387 1401 513 1431 venerit
537 1401 617 1433 hora
644 1402 767 1441 mortis,

275 1446 325 1478 Ne
349 1452 463 1479 noceat
486 1453 596 1480 noster
623 1450 734 1489 hostis,

324 1496 424 1528 Astra
450 1500 539 1536 petat
566 1498 710 1537 spiritus.

151 1577 237 1609 212.
269 1577 382 1609 Lictor
409 1578 515 1610 vibrat
541 1580 694 1620 gladium,

272 1626 402 1667 Martyr
428 1627 521 1659 offert
548 1629 690 1669 iugulum

271 1676 449 1707 Aeternum
476 1685 634 1716 quaerens
657 1678 787 1718 epulum

318 1723 355 1755 ln
382 1725 513 1756 caelesti
539 1726 652 1768 gloria,

869 271 953 306 1512.
987 273 1099 306 Certat
1129 275 1218 315 virgo
1243 285 1313 307 cum
1341 276 1500 319 dracone3

987 322 1164 363 Superatur
1190 324 1221 355 in
1248 334 1348 364 agone

985 370 1029 402 Et
1056 372 1195 403 vincitur
1220 383 1239 404 a
1266 373 1391 414 virgine

1032 419 1190 452 Draconis
1218 421 1402 454 crudelitas.

863 499 906 532 16
918 499 949 530 b.
981 500 1085 533 Aufer
1111 506 1213 534 motus
1240 503 1441 544 insurgentes

983 549 1121 581 Nostrae
1148 552 1254 582 carnis
1281 552 1475 592 prurientes,

982 597 1031 628 Ne
1058 598 1223 637 patiantur
1248 600 1382 632 ardores

1030 645 1066 676 In
1093 646 1157 678 alio
1183 648 1322 682 saeculo.

860 725 944 757 171).
976 726 1152 765 Egreditur
1178 738 1266 770 sana,

979 774 1069 805 Tunc
1098 777 1226 807 tremuit
1254 783 1351 818 terra,

979 823 1073 855 Plebs
1100 824 1268 856 incredula

1028 871 1068 902 Ut
1099 871 1192 903 fidem
1222 873 1348 907 habeat.

861 952 902 984 18
916 950 945 984 b.
979 951 1095 983 Nullus
1121 963 1139 984 a
1166 959 1196 984 te
1224 956 1416 995 expellatur,

979 1000 1080 1031 Immo
1107 1003 1207 1041 magis
1235 1003 1406 1036 adiuvetur

981 1048 1106 1080 Virtute
1133 1050 1178 1080 tui
1205 1051 1345 1088 luminis,

978 1096 1103 1128 Redeat
1129 1098 1306 1131 incolumis.

857 1178 899 1209 19
914 1176 943 1210 b.
977 1178 1016 1210 Se
1041 1180 1157 1210 sentiat
1185 1180 1365 1222 liberatam,

973 1226 1025 1258 Ab
1052 1237 1148 1259 onere
1175 1228 1354 1262 absolutam

1021 1276 1097 1306 Post
1124 1281 1213 1308 tanta
1240 1279 1405 1318 martyria.

855 1357 899 1389 20
912 1356 941 1390 b.
974 1357 1022 1388 De
1047 1358 1208 1397 profundo
1235 1361 1384 1392 vitiorum

974 1406 1044 1437 Duc
1071 1407 1111 1438 ad
1139 1417 1237 1447 regna
1263 1408 1440 1452 beatorum,

974 1454 1015 1485 Et
1039 1455 1072 1486 in
1101 1460 1191 1486 coetu
1219 1457 1393 1488 electorum

1022 1502 1233 1543 Conquiescat
1260 1505 1394 1539 animus.

850 1582 938 1618 211),
969 1583 1034 1617 Ubi
1061 1586 1161 1625 quies,
1189 1586 1243 1618 ubi
1271 1588 1347 1625 vita,

970 1632 1033 1664 Ubi
1061 1639 1175 1666 cuncta
1202 1640 1275 1666 sunt
1302 1637 1391 1668 unita

968 1681 1005 1712 In
1031 1682 1134 1722 gloria
1160 1683 1286 1715 infinita

1018 1731 1054 1762 In
1082 1732 1279 1773 sempiterna
1305 1734 1444 1768 saecula.

223 1798 387 1828 Collectau.
415 1810 468 1827 me.
494 1801 679 1830 Victorinum
707 1812 785 1831 saec.
813 1802 871 1840 [13.
903 1803 959 1841 15.]
990 1805 1032 1834 16.
1055 1806 1126 1833 L.0d
1148 1808 1276 1835 Parisin.
1309 1808 1342 1836 14
1351 1808 1416 1837 872.
1446 1826 1482 1829 —

142 1837 201 1865 Mit
229 1837 281 1866 der
302 1838 410 1867 chiffre
438 1839 489 1867 des
511 1841 637 1868 Auctors
665 1842 725 1869 und
759 1843 806 1870 der
829 1843 1006 1872 Jahreszalil
1038 1844 1120 1873 1574.
1143 1861 1179 1865 —
1202 1847 1258 1874 Str.
1280 1848 1324 1875 lib
1347 1850 1385 1875 ist
1405 1859 1480 1885 ganz

144 1877 397 1908 unverstiindlich
419 1893 456 1897 —
477 1880 531 1913 Sa,
552 1878 571 1906 4
593 1881 727 1908 Abnitur.
751 1897 788 1900 —
812 1880 881 1917 16a,
905 1882 923 1911 3
945 1893 988 1920 sq
1010 1888 1155 1912 cremetui
1177 1887 1305 1921 ignibus.

586 2033 655 2065 349.
697 2035 739 2066 De
761 2037 870 2068 sancto
890 2036 1025 2069 Nicolao.

164 2121 223 2155 la.
254 2122 352 2162 Eece,
382 2124 451 2156 dies
476 2125 676 2165 perennalis,

256 2171 336 2204 Dies
362 2173 426 2205 ista
450 2172 667 2216 triumphalis,

257 2220 296 2253 In
323 2230 385 2261 qua
412 2224 516 2253 status
543 2221 704 2254 clericalis

304 2269 460 2302 Exsultat
485 2278 556 2301 cum
581 2270 749 2312 laudibus;

159 2346 222 2378 2a.
253 2347 431 2387 Angelicae
456 2350 635 2388 potestates

257 2394 302 2427 Et
327 2395 490 2437 Seraphin
515 2395 658 2436 legiones

257 2443 403 2476 Caritate
428 2444 649 2487 ardescentes,

302 2491 368 2525 Vos
393 2496 485 2526 orate
511 2503 571 2534 pro
597 2493 756 2529 omnibus.

866 2128 926 2161 lb.
959 2130 1063 2162 Adest
1089 2134 1216 2170 tempus
1243 2136 1475 2173 opportunum,

958 2177 1007 2209 De
1034 2178 1144 2210 nubilo
1168 2179 1203 2210 fit
1230 2188 1387 2220 serenum,

959 2226 1100 2266 Tempus
1127 2227 1213 2259 istud
1235 2227 1271 2259 fit
1289 2228 1472 2272 iucundum,

1007 2275 1214 2315 Expenditur
1239 2276 1271 2307 in
1299 2277 1461 2316 precibus.

865 2351 928 2385 2b.
959 2353 1037 2394 Vos,
1065 2353 1193 2392 agmina
1219 2354 1416 2395 caelestium,

956 2400 1130 2432 Beatorum
1157 2402 1339 2445 spirituum,

956 2449 1080 2481 Chorus
1107 2450 1349 2493 dominantium,

1003 2497 1134 2531 Pulsate
1166 2501 1282 2533 vestris
1308 2502 1470 2542 precibus,
