1655 2713
750 157 912 193 -200
963 181 1005 185 —

247 249 306 282 5a.
336 249 387 281 Tu
415 254 588 283 contemnis
615 253 762 292 iudicem,

337 297 399 329 Per
423 300 526 330 cuncti
553 300 696 339 opificem

384 345 544 386 Superans
569 348 601 379 in
627 348 791 390 omnibus;

933 256 994 290 5b.
1025 257 1104 291 Flos
1131 261 1235 301 campi
1262 261 1449 301 conteritur,

1026 305 1104 338 Cum
1130 307 1317 349 Margareta
1343 310 1490 342 caeditur

1072 355 1272 395 paganorum
1298 358 1456 391 manibus.

240 436 260 465 6
272 443 302 465 a.
330 436 380 466 Tu
407 436 437 466 in
466 437 533 468 loco
560 438 728 471 tenebroso
926 444 946 476 6
957 443 987 478 b.
1018 445 1080 486 Tu,
1096 455 1166 478 cum
1181 457 1265 490 oras,
1281 449 1404 482 hostem
1419 451 1536 483 sternis

334 483 424 513 More
452 485 534 522 petis
560 495 704 518 amoroso
1021 493 1117 532 Quem
1133 494 1309 538 confusum,
1325 498 1424 539 virgo,
1440 507 1531 539 sper-

381 530 495 570 Sponsi
521 533 710 577 amicitiam3
1302 546 1352 577 nis

1069 590 1182 622 Carnis
1207 601 1266 632 per
1290 594 1492 628 munditiam.

240 662 296 695 7a.
326 663 375 694 Tu
403 665 541 697 tribunal
569 667 756 710 despexisti,

330 712 446 753 Plagas
475 714 570 746 duras
598 716 738 748 derisisti

375 759 497 800 Fragili
522 762 554 793 in
581 772 732 803 corpore;

926 673 987 706 7b.
1017 675 1112 707 Ebur
1136 686 1214 709 auro
1238 679 1394 711 variatum

1019 723 1082 755 Cor
1106 725 1138 756 in
1167 725 1297 758 Christo
1323 728 1496 761 solidatum

1063 772 1180 804 Mortis
1205 774 1353 813 splendet
1372 781 1527 817 tempore.

233 848 293 880 8a.
324 849 478 882 Palmam
516 853 599 884 vitae
620 856 836 894 apprehendis
920 859 982 893 8b.
1013 861 1108 894 Laus
1135 868 1165 894 te
1190 869 1283 896 ornat
1310 867 1487 907 virginalis,

327 897 367 928 Et
396 907 463 929 cum
483 900 609 932 Christo
626 904 835 943 parvipendis
1017 909 1131 942 Mucro
1149 913 1264 944 stravit
1283 923 1353 945 cum
1369 917 1527 959 poenalis,

377 945 478 977 Huius
502 949 610 980 mundi
636 950 786 990 gloriam3
1062 957 1180 990 Aufert
1206 969 1283 992 auro
1309 964 1456 997 scoriam.

232 1029 252 1060 9
268 1038 298 1060 a.
329 1029 384 1061 Sol
410 1031 561 1069 probatus
588 1034 705 1066 clarior

377 1078 539 1110 Passionis
566 1081 702 1123 clibano,

331 1124 413 1156 Nive
438 1126 500 1157 iam
527 1129 694 1161 candidior

376 1173 513 1205 Veniens
539 1185 557 1206 a
583 1176 715 1210 Libano.

915 1043 942 1074 ’9
954 1040 983 1074 b.
1016 1039 1097 1074 Lux
1122 1044 1192 1083 ipsa
1217 1046 1358 1078 iustitiae

1064 1090 1137 1122 Tibi
1162 1092 1247 1124 lucet
1273 1095 1400 1136 iugiter,

1015 1138 1186 1171 Immemor
1210 1142 1362 1174 tristitiae

1063 1186 1139 1217 Visu
1165 1188 1260 1220 ardes
1286 1192 1438 1227 suaviter,

210 1255 292 1288 10a.
324 1257 428 1299 Sala-e,
458 1269 529 1291 rosa
555 1261 741 1303 rubicunda,
896 1268 937 1300 10
952 1268 981 1302 b.
1017 1271 1110 1303 Verbi
1135 1272 1195 1304 Dei
1221 1277 1453 1322 praedicatrix,

203 1435 243 1468 11
263 1445 292 1469 a.

327 1304 449 1344 Sponsa
474 1309 546 1347 agni
572 1313 638 1340 tota
665 1312 792 1353 munda,

372 1353 487 1386 Potens
513 1365 545 1387 es
571 1356 603 1387 in
630 1359 744 1398 patria,

322 1437 347 1469 Ο
375 1438 477 1477 beata,
504 1449 543 1472 ne
569 1450 625 1473 nos
651 1452 794 1484 spernas,

326 1485 388 1516 Sed
414 1488 564 1520 ardentes
591 1489 642 1521 fac
668 1492 813 1524 lucernas

321 1534 374 1565 Ad
401 1536 549 1568 convivas
576 1542 607 1568 et
632 1548 784 1578 supernas

368 1582 497 1622 Ingredi
525 1583 671 1618 feliciter.

200 1665 242 1697 12
254 1674 281 1697 a.
311 1666 355 1697 In
381 1671 521 1701 extremo
547 1670 638 1703 huius
664 1673 748 1705 vitae

318 1715 542 1748 Formidantes
568 1719 666 1750 reduc
692 1721 762 1763 rite,

317 1761 360 1793 Ut
387 1763 427 1794 de
453 1773 527 1796 vera
553 1767 633 1798 caeli
660 1768 722 1800 vite

313 1809 523 1849 Degustemus
548 1814 615 1845 sine
641 1816 697 1847 lite

359 1857 531 1891 Suavitatis
557 1863 681 1901 pocula.

1011 1319 1178 1352 Trinitatis
1205 1325 1451 1364 contemplatrix

1060 1367 1149 1399 Intra
1175 1371 1255 1401 caeli
1281 1373 1375 1406 atria.

893 1449 978 1483 11b.
1011 1451 1055 1482 In
1081 1461 1230 1493 supremo
1258 1457 1424 1499 collocata,

1010 1499 1085 1530 Post
1111 1506 1143 1532 te
1170 1503 1272 1543 trahe,
1301 1505 1368 1538 Deo
1394 1513 1496 1549 grata,

1007 1546 1055 1578 Ne
1081 1558 1138 1580 nos
1163 1552 1275 1583 mortis
1303 1554 1354 1586 via
1378 1555 1444 1589 lata

1053 1595 1169 1636 Rapiat
1196 1599 1366 1633 hostiliter.

885 1678 925 1709 12
939 1678 969 1712 b.
999 1680 1074 1712 Iesu
1103 1682 1194 1716 bone.
1220 1695 1276 1717 rex
1303 1689 1475 1730 caelorum,

1002 1729 1118 1761 Preces
1144 1733 1220 1764 audi
1246 1742 1461 1781 peccatorum,

998 1775 1048 1808 Da
1074 1781 1235 1813 consortia
1262 1782 1426 1825 bonorum⁷

999 1823 1041 1856 Ut
1066 1829 1097 1856 et
1123 1830 1165 1868 te,
1194 1829 1295 1862 Deum
1323 1833 1466 1877 deorum,

1045 1872 1225 1908 Laudemus
1248 1879 1279 1910 in
1307 1883 1445 1916 saecula.

272 1943 355 1969 Miss.
376 1952 428 1970 ms.
450 1944 595 1974 Attilense
617 1950 686 1975 anni
711 1948 791 1978 1450.
813 1952 886 1980 Clm.
909 1955 1062 1985 Monacen.
1084 1958 1168 1987 3311.
1190 1963 1224 1989 A.
1246 1978 1281 1982 —
1300 1965 1439 2002 Sequent.
1460 1979 1514 1998 ms.

196 1979 224 2006 S.
249 1981 328 2007 Petri
351 1980 584 2019 Salisburgensis
606 1988 673 2013 anni
700 1987 781 2024 1603,
801 1991 956 2027 Appendix
977 2004 1029 2021 ms.
1045 1997 1128 2024 Miss.
1143 1999 1269 2028 Romani
1291 2004 1360 2040 imp.
1380 2006 1514 2036 venetiis

199 2016 280 2046 1513.
320 2020 407 2050 (Bibl.
435 2022 543 2049 Petrin.
571 2024 590 2051 S
618 2025 647 2052 11
681 2025 760 2059 14a.)
785 2029 817 2055 B.
839 2044 876 2048 —
901 2029 960 2064 3³,
990 2032 1002 2060 1
1032 2035 1112 2063 clara
1139 2041 1262 2073 gemmis
1291 2042 1324 2068 B.
1348 2060 1383 2063 —
1409 2043 1468 2079 3a,
1499 2046 1516 2075 2

195 2057 297 2092 templi
321 2066 372 2085 ara
392 2060 424 2086 Β.
447 2076 482 2080 —
502 2059 555 2093 8b,
577 2060 595 2089 2
615 2072 680 2090 cum
702 2065 774 2093 fehlt
795 2068 826 2094 B.
843 2083 878 2087 —
893 2068 983 2115 91251
1005 2072 1056 2100 Sol
1078 2075 1141 2110 ipse
1155 2077 1214 2104 AB.
1229 2094 1266 2097 —
1285 2079 1350 2114 loa,
1373 2081 1390 2110 3
1405 2084 1514 2114 Potens

594 2310 662 2342 223.
704 2312 746 2344 De
769 2316 880 2346 sancta
902 2316 1094 2358 Margareta.

214 2394 273 2426 la.
304 2395 329 2427 Ο
356 2395 468 2430 beatae
495 2377 699 2440 Margaretae

900 2408 960 2443 lb.
992 2410 1042 2442 De
1067 2413 1175 2452 palma
1201 2417 1290 2451 cuius
1317 2422 1458 2458 athletae

354 2445 497 2485 Virginis
525 2448 699 2493 sollemnia,

1040 2460 1197 2496 Laetatur
1222 2468 1369 2504 ecclesia.
