1655 2713
736 159 996 194 -296—

238 258 296 288 4a.
330 256 484 296 Virginali
510 257 652 288 thalamo
919 256 982 289 4b.
1014 256 1169 297 Hancque
1191 257 1278 289 cruci
1303 255 1393 298 affigi
1424 273 1426 276 v

327 305 495 345 suscepisti
1015 314 1074 344 pro
1099 305 1203 336 salute

328 353 492 384 mortalem
521 352 654 384 formam
1016 362 1128 392 passus
1155 361 1188 384 es
1213 356 1333 392 nostra,

606 428 637 459 5.
671 425 833 456 Praebens
860 425 979 456 inclitis

673 473 867 512 martyribus
894 473 1041 512 exempla

673 521 789 552 Hausti
814 521 922 552 calicis

674 578 693 600 a
719 572 749 599 te
776 568 887 600 bibere
913 573 997 609 pota,

675 616 830 648 subiendo
857 617 1002 654 verbera,

231 691 290 720 fia.
323 687 440 726 Quibus
468 688 524 719 das
916 689 978 722 6b.
1011 690 1175 721 Fruantur

323 740 452 766 aeterna
1009 746 1070 777 quo
1094 742 1196 768 tecum

323 783 394 822 pius
420 783 570 822 praemia,
1008 785 1078 816 luce
1104 790 1271 824 perpetua.

233 855 292 886 7a.
320 855 456 893 Quorum
483 855 622 886 Alleluia
918 857 979 890 7b.
1011 857 1129 888 Divina
1154 857 1310 896 impulsus

327 906 452 932 secutus
479 906 525 933 est
552 903 683 942 collegia
1010 905 1230 936 misericordia
1255 905 1369 936 dextra

429 966 454 967 ν’
490 967 517 968 Π
1009 952 1102 984 Feliz
1128 956 1202 984 tuus
1227 953 1358 993 athleta,

233 1020 291 1051 83.
324 1021 508 1060 Percipiens
916 1024 977 1057 8b.
1009 1024 1103 1056 Unde
1130 1023 1267 1055 feliciter

329 1072 533 1107 tyrannorum
562 1079 651 1101 sacra
677 1070 791 1112 iugula,
1008 1076 1173 1111 permanet
1199 1073 1231 1103 in
1258 1072 1369 1112 gloria.

286 1138 444 1165 Collectan.
467 1149 519 1165 ms.
541 1140 744 1167 Placentinum
767 1149 841 1168 saec.
865 1139 939 1168 ¹³l'u.
961 1142 1030 1169 eod.
1053 1142 1149 1177 Capit.
1165 1142 1328 1169 Placentia.
1351 1141 1396 1169 65.
1412 1143 1519 1170 ——Mit

211 1175 353 1202 Melodie:
378 1177 520 1209 „Iustus
547 1181 584 1204 ut
607 1179 726 1213 palma
747 1178 894 1206 maiorf'
915 1195 951 1198 —
974 1180 1024 1208 {ibv
1048 1178 1061 1206 l
1084 1181 1218 1207 Fruatur.
1233 1195 1267 1199 —
1290 1181 1439 1208 Abschrift
1459 1190 1518 1208 von

208 1214 278 1240 Rev,
300 1215 337 1240 H.
360 1215 398 1240 M.
420 1215 581 1242 Bannister.

656 1299 722 1330 335.
763 1300 804 1330 De
826 1308 886 1330 uno
908 1300 1058 1339 Mar-tyre.

632 1379 660 1411 1.
692 1379 818 1419 Optime
845 1378 914 1411 fons
941 1385 971 1411 et
997 1381 1085 1420 on'go

696 1427 830 1458 nominis
857 1428 1033 1466 christiani,

230 1496 293 1526 2a.
325 1497 446 1537 Agnus,
474 1501 584 1536 pastor
610 1502 640 1528 et
666 1498 744 1538 ovis,
918 1499 976 1532 2b.
1007 1500 1073 1531 Fac
1099 1510 1155 1532 nos
1180 1500 1286 1539 flores,
1314 1501 1372 1534 flos
1394 1503 1473 1545 ipse,

328 1552 393 1580 rex,
420 1545 569 1576 sacerdos
596 1549 627 1576 et
652 1546 756 1578 hostia
1011 1549 1099 1579 cuius
1124 1547 1257 1580 floribus
1283 1560 1346 1582 non
1373 1551 1489 1583 desunt

327 1592 560 1623 reconciliando
1011 1596 1131 1627 candor
1156 1597 1296 1630 liliorum

325 1642 519 1679 peccatores,
1011 1644 1067 1675 sed
1094 1653 1152 1675 nec
1177 1654 1279 1678 rosae.

229 1708 289 1736 tia.
320 1705 382 1736 Dic
408 1705 509 1746 nobis,
537 1712 681 1745 tyranne,
916 1712 934 1741 :13
947 1709 977 1742 b.
1010 1711 1129 1743 Contra
1155 1711 1216 1743 Dei
1242 1716 1340 1744 testes

327 1753 444 1784 Tortor
469 1758 559 1785 atrox
587 1759 617 1785 ct
643 1764 765 1796 magne,
1011 1758 1094 1797 Quid
1121 1762 1258 1800 catasta,
1293 1761 1368 1800 quid
1392 1765 1495 1793 restes
1506 1758 1521 1794 ’ἶ

324 1800 486 1832 Athletam
514 1801 574 1832 Dei
600 1803 735 1834 viventis
1010 1806 1159 1837 Provecti
1173 1812 1257 1843 sunt,
1278 1818 1339 1840 non
1355 1809 1519 1851 despecti3

325 1848 473 1879 Emolliri
498 1854 590 1888 putas
1009 1853 1081 1885 Non
1108 1856 1287 1886 cruentavit
1315 1866 1402 1898 cmx,

370 1896 403 1926 in
428 1894 620 1929 tormentis?
1051 1902 1108 1933 sed
1135 1903 1330 1936 candidavit.

233 1963 290 1994 4a.
322 1963 487 1994 Torculari
514 1964 636 1996 calcato
661 1965 767 1998 vivum
915 1967 977 2000 4b.
1009 1968 1138 2009 Martyr
1155 1969 1286 2011 Christi,
1305 1971 1520 2013 suspirantes,

324 2016 449 2042 emanat
478 2011 591 2050 oleum,
1009 2025 1080 2056 qua.
1097 2015 1214 2048 frueris
1241 2027 1327 2059 vere,

322 2059 368 2088 sic
393 2058 546 2090 tribulata
1008 2065 1048 2096 ad
1076 2073 1184 2097 veram
1210 2066 1308 2098 vitam

322 2106 414 2145 palea
439 2116 582 2146 granum.
1007 2121 1126 2152 nosque
1152 2117 1250 2146 tuere.

280 2172 416 2206 Sequent.
445 2182 496 2199 ms.
522 2173 811 2203 Praemonstratense
839 2185 913 2204 saec.
946 2177 989 2206 14.
1018 2179 1057 2205 in.
1087 2180 1158 2207 Cod.
1186 2182 1262 2208 Mus.
1284 2182 1405 2209 Bohem.
1437 2183 1521 2210 XIII.

204 2210 227 2236 A
253 2208 293 2236 14.
309 2211 343 2236 A.
358 2226 394 2230 —
411 2211 492 2238 Miss.
515 2220 567 2238 ms·
583 2212 872 2242 Praemonstratense
893 2225 968 2244 saec.
994 2216 1036 2244 14.
1053 2218 1126 2245 Clm.
1140 2219 1295 2247 Monacen.
1311 2219 1421 2249 23265.
1436 2223 1468 2249 B.
1483 2237 1522 2241 —

203 2248 285 2274 Miss.
309 2257 362 2275 ms.
383 2250 528 2277 Attilense
550 2252 619 2278 anni
642 2250 724 2278 1454.
745 2253 818 2280 Clm.
839 2254 993 2283 Monacen.
1015 2253 1100 2284 3311.
1122 2256 1152 2284 C.
1175 2272 1211 2276 —
1232 2259 1316 2286 Miss.
1337 2269 1390 2287 ms.
1412 2261 1522 2287 Monti-

202 2288 313 2322 saprini
335 2289 404 2314 anni
428 2287 508 2316 1466.
531 2289 603 2317 Clm.
623 2291 776 2318 Monaeen.
797 2290 879 2319 5912.
902 2294 938 2321 D.
959 2310 996 2314 —
1026 2293 1077 2327 3a,
1102 2294 1115 2322 1
1138 2297 1189 2323 Sic
1209 2297 1296 2324 nobis
1317 2299 1349 2326 C.
1370 2313 1407 2317 —-
1428 2297 1482 2331 3b‚
1505 2298 1523 2326 2

203 2329 331 2352 catastae
352 2327 386 2352 A.
407 2341 444 2345 —
464 2326 524 2359 3b,
552 2327 570 2354 4
590 2337 632 2364 sq.
655 2329 704 2356 sed
726 2339 796 2357 crux
817 2331 853 2358 A.
875 2347 913 2350 ——
932 2331 984 2368 4a,
1008 2331 1022 2360 1
1043 2335 1146 2361 vinum
1166 2335 1227 2363 BD.
1250 2352 1286 2355 —
1307 2335 1360 2369 43,
1382 2335 1400 2364 2
1420 2342 1522 2365 manat

203 2364 241 2394 A:
271 2364 380 2391 olivum
402 2367 459 2393 BC.
482 2380 515 2384 —
540 2365 599 2398 43,
628 2365 647 2394 3
672 2368 731 2394 sint
757 2369 899 2397 tribulata
919 2371 960 2406 A,
987 2372 1039 2399 sed
1065 2373 1208 2401 tribulata
1229 2374 1259 2401 C.
1288 2390 1325 2394 —
1349 2375 1408 2409 4b,
1438 2376 1451 2404 1
1474 2386 1521 2405 su-

202 2403 343 2436 spirantis
364 2403 450 2431 BCD.
472 2419 509 2423 —
537 2404 593 2437 4b,
624 2403 642 2432 2
661 2407 768 2434 fruaris
789 2406 824 2436 A.
844 2423 882 2427 —
907 2408 962 2444 41),
987 2409 1006 2436 4
1021 2410 1089 2439 Vite
1111 2414 1192 2440 tuere
1214 2414 1266 2441 CD
1287 2415 1364 2447 (weil
1386 2415 1451 2444 hier
1472 2417 1526 2444 auf

203 2440 255 2467 das
278 2442 346 2468 Post
366 2442 416 2470 des
433 2443 471 2470 hl.
490 2444 596 2477 Vitus).
618 2459 656 2462 —
676 2445 814 2474 Melodie:
839 2448 1024 2477 victimae
1052 2451 1232 2486 paschali.
