1655 2713
317 259 410 292 Vires
436 261 649 292 iumentorum

370 308 440 340 Nec
466 308 623 341 maleficia

319 357 416 390 Paria
441 356 607 389 brutorum

366 405 410 437 Et
437 404 591 437 veneficia

415 453 561 494 Unquam
589 459 775 486 nocuerunt.

224 261 285 294 Ga.

223 536 282 568 7a.
317 535 470 576 Largitur
496 537 614 577 egenis.

366 584 451 623 Quas
478 584 628 624 habebat,
656 595 744 626 opes

316 632 448 664 Donans
474 633 588 664 alienis

365 680 511 712 Fovebat
536 681 648 722 inopes

413 729 477 762 Sua
503 729 694 764 substantia.

218 812 278 844 8a.
310 812 469 844 Percussa
494 813 602 853 gladio

364 861 484 893 Mansit
513 862 677 899 semiviva,

312 908 469 941 Exsultat
495 911 613 950 gaudio

360 957 387 988 F
389 961 484 989 utura
511 958 645 990 conviva

408 1007 570 1038 Aeternae
596 1007 728 1047 gloriae.

221 1089 281 1121 9a.
314 1087 414 1120 Lucia
439 1089 559 1126 lucida,

358 1136 513 1169 Omnibus
535 1138 691 1175 relucens,

312 1185 488 1225 Tamquam
515 1185 570 1217 lux
599 1184 723 1226 fulgida

360 1233 428 1265 Nos
454 1233 496 1265 ad
522 1234 626 1265 lucem
654 1235 783 1275 ducens,

408 1281 473 1314 Ubi
503 1282 557 1314 lux
585 1287 726 1316 aeterna.

979 287 986 294 .
1018 264 1130 297 Oleum
1158 265 1305 299 funditur

1067 313 1135 346 Nec
1161 316 1270 347 adurit
1296 317 1390 358 ignis,

1017 362 1136 394 Resina
1164 365 1304 403 ponitur,

1066 410 1129 442 Res
1150 411 1236 444 facta
1260 414 1404 454 insignis,

1113 459 1217 491 Piceni
1245 462 1452 494 addiderunt.

977 566 982 572 .
1016 541 1131 573 Mundi
1159 542 1390 582 blandimenta,

1064 589 1206 622 Terrena
1234 601 1363 624 munera

1014 637 1190 678 Tamquam
1222 645 1432 679 purgamenta

1062 687 1197 726 Argenti
1225 689 1369 727 pondera

1111 734 1239 774 Spernit
1268 738 1459 776 praesentiae

916 815 978 847 Sb.
1012 816 1124 849 clerus
1151 820 1325 850 accersitus

1059 866 1160 897 Affert
1190 873 1400 900 sacramenta.

1012 915 1168 945 Ascendit
1199 916 1331 947 caelitus

1063 963 1135 993 Post
1162 968 1206 993 tot
1237 964 1428 996 detrimenta

1106 1011 1249 1051 Regnum
1278 1013 1428 1044 laetitiae.

912 1091 977 1123 91).
1010 1092 1132 1124 Lumen
1160 1093 1190 1124 in
1220 1094 1337 1125 lumine

1058 1141 1177 1172 Yidens
1202 1142 1233 1173 in
1259 1143 1372 1182 gloria,

1009 1190 1043 1220 In
1073 1190 1150 1221 caeli
1181 1191 1327 1232 culmine,

1053 1237 1116 1270 Ubi
1144 1238 1267 1269 laetitia

1104 1286 1143 1317 Et
1172 1296 1234 1327 pax
1262 1288 1467 1327 sempiterna.

269 1361 409 1399 Sequent.
432 1372 485 1390 ms.
502 1365 729 1392 Ravennatense
752 1366 821 1392 anni
846 1364 1005 1393 1:355—-52
1024 1367 1092 1394 Cod.
1110 1368 1240 1395 classen.
1263 1368 1319 1395 :360
1339 1368 1414 1397 1139.
1436 1369 1461 1395 s».
1479 1372 1518 1396 S.

647 1488 715 1518 360.
757 1489 798 1519 De
821 1492 928 1520 sancto
950 1489 1060 1520 Vituli.

598 1570 625 1601 1,
661 1569 805 1601 Virtutes
832 1570 994 1610 paschalis
1021 1572 1094 1611 agni

668 1619 859 1658 depromant
886 1619 971 1650 servi
999 1620 1058 1660 sui,

212 1699 274 1731 2³.
307 1698 423 1730 Vitalis
451 1704 481 1730 et
510 1699 672 1739 Valeriae,

310 1747 385 1780 Pari
412 1748 465 1787 qui
493 1747 550 1779 sub
578 1749 661 1780 serie

356 1795 480 1828 Mundo
509 1805 648 1836 genuere

404 1844 494 1876 binos
526 1844 654 1878 fratres.

205 1927 266 1960 32.
299 1926 417 1959 Vitalis
447 1927 590 1960 militans

307 1976 419 2007 consul
446 1976 586 2008 Neronis
613 1978 751 2018 capitur,

208 2060 268 2091 4a.
301 2058 471 2092 Ursicinus
498 2060 573 2092 hinc
599 2065 745 2101 vexatur,

304 2108 404 2148 Quem
432 2108 549 2141 Vitalis

304 2155 370 2188 fide
395 2156 567 2198 solidatur,

299 2238 440 2272 Vocatus
473 2239 589 2271 Vitalis

348 2297 368 2320 a
393 2288 528 2321 Paulino
562 2288 723 2320 consulari

204 2242 266 2272 5a.

206 2371 267 2404 63.
298 2369 452 2402 Paulinus
477 2370 634 2402 ministris
660 2371 769 2412 palam

300 2418 401 2452 Iussit
426 2419 570 2460 torqueri

349 2471 495 2500 sanctum
523 2467 674 2502 Vitalem.

910 1701 971 1734 21).
1004 1703 1127 1735 Horum
1155 1704 1277 1743 primus
1307 1705 1478 1746 Protasius‚

1003 1751 1096 1783 Alius
1124 1752 1298 1784 §servasius

1053 1800 1131 1832 Sunt
1160 1806 1274 1832 natura
1301 1800 1421 1844 [atque]

1100 1847 1203 1881 forma
1230 1859 1335 1889 pares.

909 1930 970 1963 3b.
1003 1931 1063 1970 Qui
1091 1936 1165 1962 tnnc
1193 1940 1262 1963 cum
1292 1933 1425 1965 Paulino

1010 1980 1041 2010 in
1066 1980 1249 2012 Ravennam
1279 1983 1517 2015 transmittitur.

909 2062 973 2094 4b.
1006 2063 1092 2094 Voce
1119 2064 1208 2094 cuius
1237 2064 1405 2096 Ursicinus

1009 2111 1049 2143 Se
1077 2111 1201 2143 confert
1229 2113 1269 2143 ad

1009 2164 1168 2191 tormenta
1196 2160 1362 2200 benignus.

908 2241 969 2274 5b.
1005 2241 1154 2273 Renuens
1182 2242 1276 2274 idolis

1052 2299 1121 2321 eum
1151 2291 1284 2322 Paulino
1308 2291 1415 2323 differt
1445 2292 1516 2325 t'ari.

907 2372 969 2406 6b.
1001 2372 1106 2412 Specu
1134 2373 1229 2405 datur
1254 2374 1445 2416 submergio,

1004 2422 1255 2463 Sacerdotisque

1053 2470 1196 2503 consilio.
