1655 2713
747 159 1007 194 —266—

242 256 302 288 Sa.
333 255 376 287 Et
402 256 450 287 his
477 256 570 288 dictis
596 256 685 298 obiit,

338 303 449 335 Caelos
477 305 577 336 victor
602 304 682 335 adiit

386 351 532 383 Victurus
560 352 755 393 perenniter,

935 256 998 290 8b.
1030 257 1094 290 Ubi
1120 257 1181 289 Dei
1207 258 1308 290 filium

1030 306 1092 338 Pro
1119 305 1246 338 delictis
1271 306 1411 338 omnium

1073 353 1276 394 Deprecatur
1301 354 1430 394 iugiter.

291 427 377 454 Grad.
407 436 458 452 ms.
480 427 679 454 Modoetinum
709 435 785 455 saec.
815 426 859 455 15.
881 428 950 456 Cod.
975 428 1069 464 Capit.
1091 429 1253 457 Modoetin.
1274 439 1297 457 s.
1325 439 1352 457 n.
1378 445 1415 449 —
1437 428 1494 464 Sa,
1524 429 1542 458 2

216 465 296 491 abiit.
318 479 354 482 —-
376 465 445 491 Zum
468 465 600 501 Anfange
622 466 679 502 vgl.
702 466 788 493 Anal.
811 467 919 502 Hymn.
941 467 1081 494 XXXIX.
1102 468 1153 495 ΝΥ.
1175 465 1241 495 321.

588 616 654 646 299.
695 616 728 647 Ιῃ
750 616 933 648 Inventione
954 627 976 649 s.
999 618 1159 658 Stephani.

238 714 295 746 la.
328 714 493 753 Stephani,
521 715 718 754 Gamalielis‚

380 762 506 794 Abibon
533 768 565 794 ct
589 763 756 795 Nicodemi

424 810 521 842 Festa
548 811 651 850 dignis
678 811 826 843 laudibus

236 886 295 917 aa.
330 885 519 925 Sepulturae
546 887 662 918 docens
690 888 793 919 locum

331 933 374 964 Et
401 942 458 972 per
484 943 572 965 rosas
591 939 622 966 et
638 944 696 975 per
714 945 840 968 crocum

378 981 426 1012 Ac
453 982 614 1013 metallum
641 983 813 1015 calatorum

234 1057 293 1088 Sa.
327 1056 470 1096 Namque
497 1062 561 1089 tres
588 1064 677 1090 erant
705 1061 803 1099 aurei,

331 1103 401 1135 Duo
430 1106 509 1136 rosis
536 1106 617 1136 albis
644 1107 729 1145 pleni

379 1152 420 1182 Et
445 1153 556 1184 tertius
583 1153 700 1195 rubeis,

234 1228 294 1258 421.
329 1226 494 1269 Gamaliel‚
524 1229 716 1261 Nicodemus

328 1275 421 1305 Albis
448 1276 528 1307 rosis
555 1281 585 1307 et
613 1277 792 1317 Stephanus

378 1323 506 1363 Rubeis‚
534 1333 610 1355 auro
635 1327 778 1365 signatur

326 1398 416 1429 Haec
442 1404 551 1431 sancta
578 1402 730 1434 revelatio

330 1445 429 1477 Facta
454 1450 500 1477 est
528 1451 576 1478 ter
602 1450 745 1481 Luciano

375 1493 417 1525 Et
443 1500 551 1526 sancto
576 1496 720 1536 Migetio,

235 1399 294 1429 53.

231 1571 290 1600 iza.
326 1570 362 1600 In
389 1579 519 1609 quorum
547 1573 756 1605 translatione
924 1576 985 1609 6b.

326 1617 440 1648 Odoris
467 1620 633 1651 emissione

375 1665 501 1697 Sanitas
528 1672 573 1698 est
601 1668 708 1699 multis
733 1669 816 1711 data,

233 1740 291 1771 7³.
324 1740 436 1779 Igitur,
463 1743 563 1773 sancti
590 1744 759 1785 praedicti,

327 1788 457 1829 Rogate‚
485 1794 520 1820 ut
546 1790 706 1823 benedicti

374 1837 583 1869 Ascribarnur
608 1838 638 1870 in
665 1839 767 1879 gloria

927 716 987 751 1b.

924 889 986 922 2b.

927 1061 988 1095 3b.

920 1233 982 1266 4b.

922 1405 983 1439 5b.

1019 717 1218 760 Recolamus,
1247 719 1332 759 quod
1359 719 1465 752 fidelis

1071 766 1228 799 Gamaliel
1255 767 1342 807 ipsos
1371 768 1456 800 demi

1119 815 1215 846 Iussit
1242 815 1308 846 suis
1335 815 1514 857 scrobibus,

1018 890 1213 923 Nominatim
1241 892 1422 925 certificans

1020 938 1063 969 Et
1090 939 1138 970 his
1163 940 1262 980 signis
1287 941 1456 973 notificans

1067 986 1230 1026 Reliquias
1255 988 1462 1028 singulorum.

1019 1063 1155 1102 Quartus
1182 1069 1251 1095 erat
1277 1074 1315 1096 ex
1341 1070 1474 1105 argento

1021 1110 1121 1142 Croco
1148 1112 1280 1154 plenus3
1309 1114 1468 1146 certitudo

1067 1158 1121 1190 Sic
1147 1159 1296 1191 redditur
1322 1161 1362 1192 de
1392 1162 1449 1194 eis.

1013 1234 1142 1266 Abibon
1169 1236 1297 1276 quidem
1324 1242 1491 1277 argentum

1013 1281 1055 1313 Et
1077 1283 1226 1314 redolens
1245 1293 1356 1316 crocus
1375 1287 1527 1319 mundum

1061 1329 1113 1361 Ab
1140 1335 1230 1362 utero
1257 1338 1464 1371 protestatur.

1016 1406 1080 1438 Sed
1108 1415 1177 1438 cum
1204 1417 1317 1448 magno
1343 1410 1460 1449 gaudio

1015 1455 1044 1485 A
1071 1454 1336 1496 lei-osolymitano

1064 1502 1215 1534 Praesule
1242 1506 1421 1540 translatio,

1018 1577 1059 1609 Et
1086 1578 1126 1610 ab
1152 1588 1226 1611 aere
1251 1581 1380 1613 siccitas

1014 1625 1057 1656 Et
1082 1636 1100 1658 a
1127 1632 1213 1659 terra
1238 1629 1392 1661 sterilitas

1060 1673 1222 1707 Divinitns
1249 1681 1296 1708 est
1323 1677 1461 1710 sublata.

916 1748 976 1781 7b.
1006 1749 1068 1787 Et,
1103 1751 1177 1783 dum
1204 1753 1349 1793 vivimus„
1376 1756 1526 1788 mundari

1013 1797 1197 1831 Mereamur
1222 1805 1253 1832 et
1278 1803 1410 1842 purgari

1060 1846 1089 1877 A
1116 1849 1242 1887 peccati
1265 1850 1380 1882 scoria.

282 1909 365 1936 Miss.
387 1911 543 1938 Briocense
566 1914 634 1948 imp.
659 1914 834 1952 Rothomagi
858 1926 879 1944 s.
902 1925 927 1945 a.
951 1916 1081 1955 [1502›].
1103 1921 1136 1948 A.
1159 1936 1196 1940 —-—
1217 1923 1300 1950 Miss.
1321 1925 1527 1956 Macloviense

205 1948 275 1983 imp.
300 1948 475 1984 Rothomagi
500 1948 579 1977 1503.
602 1952 635 1978 Β.

618 2083 687 2113 300.
728 2084 769 2115 De
792 2088 902 2118 sancta
924 2087 1104 2120 Theodosia.

228 2178 286 2211 1a.
322 2178 460 2218 Virginis
487 2180 622 2213 eximiae

321 2225 452 2258 Festum
479 2227 679 2262 Theodosiae

367 2275 501 2307 Recolat
525 2277 670 2318 ecclesia,

223 2350 242 2382 2
258 2359 287 2383 a.
319 2350 409 2382 Haec
433 2356 538 2385 aetate
564 2358 676 2388 tenera

323 2398 452 2439 Sprevit
474 2408 580 2434 mente
605 2403 709 2436 libera

372 2447 483 2481 Carnis
510 2450 667 2484 lenocinia

916 2187 976 2222 lb.

914 2361 976 2396 2b.

1008 2189 1108 2228 Quam
1137 2191 1289 2226 dotarunt
1316 2195 1412 2229 hodie

1009 2237 1175 2271 Castitatis
1201 2243 1331 2283 nuptiae

1059 2287 1188 2320 Visione
1215 2291 1312 2331 regia.

1010 2363 1054 2395 Et
1080 2364 1165 2396 datis
1190 2369 1374 2402 muneribus

1013 2412 1120 2444 Iunxit
1144 2423 1179 2445 se
1205 2419 1402 2458 martyribus

1058 2460 1182 2494 Clausis
1209 2464 1240 2496 in
1268 2468 1425 2502 custodia.
