1655 2713
676 175 726 183 —
775 132 853 194 245⁵
897 179 940 185 —

163 247 225 280 4a.
256 246 395 280 Demum
418 249 527 290 gladio
862 257 925 291 4b.
956 257 1118 298 Quintiae,
1146 257 1209 290 frui

260 296 439 336 exspiravit
464 307 636 338 percussus
954 315 1013 346 per
1037 311 1069 338 te
1095 307 1186 339 nobis
1213 307 1268 340 det
1292 307 1437 340 Christus

260 343 528 378 viromandorum
955 355 1006 386 sui
1032 355 1219 395 praesentia

257 391 295 424 ‘im
314 395 428 433 porta.
954 403 990 434 in
1016 403 1142 435 caelesti
1163 404 1291 443 patria.

215 472 354 509 Sequent.
376 483 429 501 ωε.
445 475 671 505 Ravennatense
686 481 757 507 anni
775 479 934 510 1585—87.
950 483 1020 510 Cod.
1037 484 1158 512 Classen
1174 483 1230 513 360
1243 483 1319 519 (139.
1339 485 1363 512 5.
1381 486 1419 516 S).
1435 500 1470 505 —-

137 511 222 539 Miss.
243 512 410 540 Parisiense
433 515 501 550 imp.
526 516 651 544 Parisiis
675 516 756 546 1585.
781 520 811 547 B.
838 535 874 540 —
895 520 949 555 3a,
975 520 992 549 2
1013 523 1116 550 fasces.

556 687 559 689 Α
576 648 641 680 275.
684 650 726 681 De
747 653 857 683 sancto
879 652 1035 690 Quintino.

545 740 577 772 1.
607 740 748 780 Martyri
775 741 926 781 Quintino
953 743 1066 777 laudes

599 788 725 820 elevent
751 791 837 822 servi
865 791 927 832 sui,

162 865 224 897 2a.
257 866 410 906 Maxime,
437 869 491 908 qui
516 870 649 910 propria
859 873 878 904 2
894 872 924 905 b.
956 874 1054 906 Cuius
1080 875 1217 907 elevatio

259 913 341 946 Sunt
366 916 433 946 eius
460 917 596 949 ecclesia
954 921 1002 954 Sit
1029 922 1141 955 horum
1168 925 1336 963 protectio,

306 962 467 995 Victimae
492 965 655 1004 paschalis
1002 970 1098 1002 Istius
1125 972 1178 1010 qui
1205 971 1279 1003 festi

353 1017 571 1051 perceptores.
1049 1024 1123 1051 sunt
1150 1019 1306 1057 cultores,

160 1091 223 1124 3a.
254 1090 385 1124 Profert
409 1092 560 1135 Eusebia,
857 1098 920 1131 3b.
953 1099 1059 1131 Testis
1087 1104 1135 1131 est
1161 1101 1291 1134 lucerna

255 1139 347 1178 Quod
374 1140 458 1172 celat
484 1142 618 1183 infidia,
952 1147 1046 1179 Stans
1073 1149 1132 1180 sub
1158 1159 1258 1189 aquae
1285 1151 1429 1189 laterum

304 1187 410 1229 Caput
423 1190 586 1231 martyris,
598 1191 628 1222 in
640 1190 780 1233 flumine,
1000 1196 1084 1227 Huic
1109 1197 1234 1237 Eligius
1253 1200 1407 1231 tumulum

303 1236 345 1267 Et
371 1245 487 1276 corpus
514 1248 596 1270 novo
1000 1244 1097 1276 Novit
1125 1250 1304 1286 temporum

351 1289 482 1325 reparat
508 1286 638 1320 lumine.
1046 1297 1117 1333 post
1145 1295 1349 1329 curriculum.

148 1367 170 1398 4
187 1375 217 1398 a.
249 1366 454 1398 Credendum
481 1373 530 1399 est
554 1369 654 1410 Eligii
853 1373 915 1406 4b.
947 1374 1070 1407 Scimus
1102 1374 1228 1408 fabrum
1256 1379 1460 1411 transtulisse

295 1415 368 1454 plus
396 1416 571 1458 devotioni,
997 1432 1123 1455 sacrum
1151 1434 1268 1465 corpus
1296 1435 1380 1458 vere.

248 1463 348 1503 Quam
375 1463 417 1495 sit
443 1464 586 1497 Maurini
947 1470 995 1502 Tu
1022 1471 1125 1514 uobis,
1155 1473 1293 1513 Christe,

294 1513 568 1552 praesumptioni3
996 1528 1052 1551 rex
1079 1522 1243 1556 miserere.

206 1592 290 1619 Miss.
307 1593 508 1622 Noviomense
529 1596 598 1630 imp.
614 1597 793 1635 Rothomagi
818 1597 899 1627 1506.
914 1615 951 1619 ·-
965 1599 1019 1631 2b.
1042 1600 1060 1629 2
1074 1604 1119 1629 Sit
1137 1612 1247 1631 eorum.
1266 1619 1299 1623 —
1316 1606 1463 1633 Melodie:

120 1630 316 1658 Victimae
338 1633 527 1667 paschali.

529 1776 532 1778 .
561 1748 625 1779 276.
668 1749 708 1781 De
730 1752 840 1782 sancto
862 1751 1020 1789 Quintino.

148 1835 207 1868 la.
242 1836 382 1869 Verbum
409 1842 504 1878 pater
529 1840 699 1881 eructavit,
848 1844 864 1877 1
880 1843 910 1878 b.
943 1844 1085 1885 Regnum
1098 1850 1210 1879 tenens
1222 1848 1273 1879 bic
1283 1858 1456 1888 supernum

241 1884 341 1917 Verbi
369 1895 442 1918 rore
467 1889 659 1928 germinavit
943 1893 993 1925 Ibi
1019 1892 1111 1926 floret
1138 1896 1170 1927 in
1196 1901 1361 1929 aeternum

286 1934 457 1974 Quintinus
482 1940 518 1968 ut
547 1937 661 1970 lilium.
988 1943 1074 1974 Ante
1101 1944 1161 1976 Dei
1188 1944 1298 1981 filium,

143 2015 204 2050 2a.
237 2016 303 2048 Iste
329 2017 396 2050 suis
422 2018 455 2051 in
482 2019 595 2052 diebus
844 2023 907 2059 2b.
940 2025 1025 2066 Lege
1050 2025 1141 2058 fulsit
1168 2028 1198 2059 in
1227 2029 1335 2061 divina

237 2065 390 2107 Mundus,
402 2068 638 2101 mundicarens
648 2069 756 2112 rebus,
939 2074 1035 2114 Quasi
1061 2075 1154 2107 stella
1181 2079 1337 2110 matutina

284 2114 427 2148 Mundus
454 2117 528 2149 labe
554 2118 708 2160 criminis,
987 2123 1098 2155 Medio
1125 2125 1282 2165 caliginis.

140 2195 202 2230 3a.
234 2195 294 2235 Qui
320 2206 380 2238 pro
407 2198 477 2239 lege
503 2199 565 2231 Dei
590 2200 639 2232 sui
840 2203 902 2237 3b.
935 2204 1003 2237 Nec
1029 2209 1221 2238 tormentum
1249 2208 1316 2240 sive
1339 2217 1448 2241 necem

233 2243 294 2276 Est
319 2246 488 2279 candentis
515 2257 629 2288 passus
656 2250 704 2281 sui
934 2254 1030 2294 Fugit
1056 2254 1137 2286 fixus
1164 2265 1284 2296 ungues
1312 2256 1422 2289 decem

282 2293 421 2327 Dorsum
448 2294 528 2328 ferri
556 2297 702 2331 sudibus,
958 2303 1129 2334 Glavorum
1157 2305 1357 2344 cuspidibus.

137 2375 202 2408 4a.
231 2375 371 2410 Dorsum
398 2379 513 2411 rastris
540 2384 702 2422 exaratur,
838 2384 901 2419 4b.
934 2384 1047 2418 Cultor
1079 2385 1179 2418 bonus
1207 2386 1266 2419 hoc
1292 2397 1425 2421 examen

231 2423 410 2459 Exaratum
436 2427 591 2469 irrigatur
934 2432 1060 2466 Perfert
1091 2438 1226 2475 propter
1251 2437 1449 2476 pullulameu

281 2474 390 2508 Imbre
415 2476 466 2509 sui
492 2478 668 2518 sanguinis.
981 2481 1071 2515 Sacri
1099 2483 1188 2516 verbi
1215 2485 1356 2520 seminis.
