1655 2713
735 179 899 213 —256
953 199 994 203 -

233 273 292 306 4a.
324 269 514 305 Eternarum
542 275 720 313 negotiator
891 275 959 309 4b.
992 273 1042 310 Sit
1067 276 1160 308 nobis
1187 280 1222 308 ut
1247 278 1354 332 portio

326 321 493 358 Mercium,
520 326 648 352 curator
987 324 1055 356 Tuo
1081 333 1151 356 cum
1179 330 1350 366 consortio,

326 369 484 409 Tuorum,
512 369 694 408 precamina
720 368 828 411 funde,
986 371 1105 404 Christi
1131 378 1265 414 martyr,
1289 374 1503 414 Sigismunde.

231 455 291 484 5a.
323 451 420 486 Pater
446 458 475 484 et
500 458 644 493 patrone,
892 457 955 492 5b.
986 456 1181 491 Occidamur
1205 468 1245 490 ne
1271 469 1431 500 mucrone,

324 501 371 531 Tu
397 510 453 532 nos
479 501 511 532 in
537 511 637 541 agone
987 507 1167 538 Praemium
1194 507 1251 539 sed
1278 516 1414 540 coronae

324 548 372 579 Ne
399 549 526 580 deseras
552 551 746 584 certaminis.
987 553 1105 585 Confer
1130 555 1323 595 luctaminis,

226 635 284 666 Ga.
317 631 466 666 Leoninis
493 635 566 666 dum
593 636 764 668 insultibus
888 639 950 672 612.
983 639 1110 673 Offendi
1137 646 1171 673 tu
1197 651 1259 673 non
1286 643 1372 674 sinas

320 681 497 713 Horrendis
524 687 620 722 atque
646 684 785 717 vultibus
983 689 1074 720 Illius
1099 699 1157 721 nos
1182 699 1242 729 per
1267 691 1378 732 minas,

317 729 452 768 Aspidis
478 729 674 765 infestamur.
983 737 1038 768 Pie
1065 742 1096 768 te
1121 738 1338 770 exhortamur.

225 815 284 846 Ta.
318 811 438 854 Nempe
463 819 497 846 tu
523 817 596 855 scis
889 821 948 853 7b.
983 820 1021 855 In
1048 823 1236 863 imperantis
1262 825 1342 857 solio

319 862 399 900 Quia
425 866 525 902 poteS,
553 865 578 894 si
605 865 663 906 vis,
982 871 1108 902 Peccati
1137 872 1267 912 dempto
1292 873 1368 906 lolio

318 909 570 943 Gubernaretibi
582 913 826 949 modulizanteS.
983 917 1081 950 Locet
1108 922 1138 950 te
1164 920 1332 952 laudantes

620 999 650 1030 8.
686 996 851 1032 Ecclesiae
878 1011 937 1041 per
963 1005 1067 1042 spatia

685 1047 729 1079 Ut
755 1048 865 1080 fideles
893 1051 1013 1083 Christi
1040 1053 1152 1095 gratia,

686 1095 876 1128 Constanter
902 1097 1093 1138 flagitamus,

270 1172 352 1199 Miss.
383 1182 434 1199 ins.
455 1174 659 1210 Alrispaeense
688 1186 762 1204 saec.
794 1178 837 1206 15.
859 1180 931 1207 Clm.
954 1183 1105 1211 Monacen.
1129 1182 1212 1212 2873.
1235 1187 1268 1214 Α.
1292 1202 1328 1206 -
1349 1189 1432 1217 Miss.
1455 1200 1509 1218 ms.

193 1211 293 1236 incert.
315 1211 420 1245 origin.
442 1221 517 1239 sace.
542 1212 583 1240 15.
607 1214 677 1241 Clm.
700 1217 853 1244 Monacen.
875 1217 912 1246 23
923 1217 986 1247 276.
1005 1223 1034 1247 Β.
1050 1237 1087 1240 —
1101 1221 1153 1251 31).
1176 1222 1194 1250 2
1215 1228 1319 1252 tonant
1339 1227 1508 1256 dulcisona-

194 1256 256 1274 rum
271 1248 329 1274 AB.
344 1263 380 1266 -
396 1250 455 1276 Das
470 1250 668 1279 Akrostichon
685 1255 714 1287 „1
725 1264 741 1280 o
752 1255 893 1283 hannes
909 1258 1112 1287 Polonia&
1130 1266 1221 1289 neunt
1236 1273 1290 1290 uns
1306 1265 1361 1292 den
1374 1267 1510 1301 Dichter,

192 1285 243 1312 der
264 1286 406 1313 identisch
429 1289 466 1314 ist
489 1290 540 1315 mit
562 1290 625 1316 dem
647 1292 664 1317 ,J
677 1292 847 1320 ohannes
870 1295 958 1322 Volf
975 1297 1156 1326 Poloniae
1178 1302 1207 1327 in
1229 1302 1280 1328 der
1294 1303 1508 1340 Hieronymus-

193 1323 324 1358 Sequenz
342 1326 521 1358 „Iucundare
537 1328 624 1354 δέοιθ’
646 1330 740 1361 (oben,
762 1332 812 1358 Nr.
837 1331 914 1365 156);
936 1335 1074 1369 iibrigens
1095 1340 1193 1365 verriit
1213 1340 1303 1367 sehon
1321 1342 1369 1369 die
1381 1343 1506 1379 gleiche,

192 1370 228 1387 an
253 1363 474 1391 Unebenheiten
496 1366 591 1392 reiche
613 1367 806 1405 Bebandlung
826 1370 875 1398 (les
897 1370 1062 1407 Rhythnius
1084 1377 1141 1403 und
1158 1378 1273 1406 Reimes
1295 1379 1507 1410 denselben

191 1400 349 1427 Vert‘asser.

552 1536 618 1565 288.
660 1536 701 1566 De
723 1545 762 1568 ss.
785 1537 910 1571 Silvano
930 1544 959 1572 et
978 1543 1141 1576 Silvestre.

215 1640 272 1672 la.
305 1639 492 1673 Gratuletur
517 1643 608 1682 plebs
634 1644 748 1688 fidelis⁷
879 1650 941 1685 1b.
971 1653 1028 1691 Qui
1056 1654 1217 1688 Silvanum
1245 1659 1430 1693 sublimavit

308 1688 343 1718 In
371 1693 457 1720 terra
482 1700 545 1730 pax
571 1696 601 1722 et
625 1693 657 1724 iu
686 1695 781 1726 caelis
971 1700 1013 1731 Et
1039 1711 1106 1734 cum
1135 1706 1253 1737 sanctis
1279 1708 1448 1741 collocavit

355 1736 423 1768 Deo
449 1738 542 1770 detur
567 1740 678 1779 gloria,
1016 1749 1052 1780 In
1079 1751 1210 1784 caelesti
1237 1756 1335 1788 curia.

209 1821 269 1852 23.
302 1821 813 1863 Hicest,perquemcrediderunt
872 1831 933 1864 2b.
966 1834 1055 1866 Unus
1082 1845 1119 1868 ex
1146 1837 1213 1879 his,
1246 1850 1324 1880 quos
1351 1844 1477 1876 vocavit

302 1869 512 1910 veteremque
537 1873 734 1913 reliquerunt
965 1882 1007 1913 Et
1035 1892 1093 1922 per
1117 1885 1225 1917 orbem
1254 1888 1414 1929 delegavit

350 1917 502 1950 Errorem
529 1921 697 1961 increduli,
1013 1931 1088 1962 Pius
1115 1938 1227 1966 auctor
1251 1937 1381 1971 saeculi.

207 2001 265 2033 33.
297 2001 416 2034 Romae
441 2005 569 2037 Petrum
597 2012 644 2039 est
669 2013 806 2050 secutus,
869 2013 931 2046 3b.
964 2015 1023 2047 Cui
1050 2017 1204 2052 Silvester
1229 2023 1387 2063 sociatum

298 2051 328 2081 A
355 2060 415 2090 quo
442 2051 501 2084 fuit
527 2056 716 2089 constitutus
962 2063 1024 2095 Per
1049 2065 1105 2096 hos
1132 2066 1212 2099 fides
1238 2076 1448 2114 propagatur,

347 2098 526 2133 Seminator
551 2102 635 2145 fidei,
1009 2112 1071 2144 Per
1097 2114 1153 2146 hos
1180 2118 1286 2157 coepit
1310 2123 1456 2160 provehi.

202 2183 261 2215 411·
294 2184 369 2215 Cum
395 2185 550 2219 Silvester
577 2189 766 2223 decessisset
865 2195 927 2228 4b.
962 2197 1029 2236 Quo
1055 2201 1199 2239 sepultus
1226 2206 1408 2247 suscitatur,

296 2231 529 2275 Desolatusque
555 2238 693 2270 redisset
960 2245 1134 2281 Pastoralis
1161 2250 1189 2281 ei
1215 2251 1311 2285 datur

343 2281 396 2312 Ad
423 2283 552 2316 Petrum
579 2285 765 2331 discipulus,
1005 2294 1105 2335 Virga
1131 2298 1197 2330 sive
1224 2299 1367 2337 baculus.

202 2367 264 2399 ὅτι.
297 2366 389 2399 Ibant
415 2378 490 2410 ergo
515 2372 753 2414 praedicantes
865 2378 926 2414 5b.
959 2381 1090 2414 Claudis
1103 2393 1245 2424 gressum
1261 2395 1492 2438 restaurantes»,

296 2414 436 2448 Verbum
464 2419 546 2451 vitae
572 2422 765 2455 seminantes
959 2428 1070 2462 Caecis
1098 2433 1208 2469 visum,
1237 2436 1411 2479 effugantes

343 2463 452 2496 Totam
479 2476 538 2507 per
563 2469 700 2512 Italiam,
1005 2477 1136 2512 Omnem
1161 2482 1356 2523 idolatriam.
