1655 2713
686 167 946 202 —221—

177 258 238 292 73.
270 258 323 290 Ad
351 259 419 291 eius
446 270 575 302 precem
601 267 729 297 mortua

275 305 380 338 Vitam
406 314 573 342 resumunt
599 320 735 352 corpora
748 323 756 351 3

175 393 236 426 83.
268 393 341 426 Stat
367 394 459 426 miles
484 396 526 428 ad
553 398 740 439 certamina,

269 440 384 473 Zabuli
412 441 534 484 franffl't
561 445 696 485 spicula,

173 527 236 561 93.
270 526 368 568 Signo
395 530 500 561 crucis
526 531 673 563 navicula

271 575 442 616 Disparuit
467 578 682 618 phantastica.

151 662 194 695 10
206 671 235 695 3.
268 662 321 694 Ad
349 663 431 694 tanti
457 664 560 702 patris
587 665 695 697 studia

273 710 415 742 Pullulat
441 711 534 752 plebs
560 714 749 753 monastica,

149 797 229 829 11a.
262 796 306 829 Ut
333 797 430 829 Iacob
456 798 666 831 tabernacula

266 845 309 877 Et
336 846 438 878 Israel
465 847 615 888 tentoria,

145 932 188 965 12
200 941 229 965 3.
261 933 339 965 Post
365 933 528 974 signorum
555 935 714 974 magnalia

263 981 306 1013 Et
332 982 486 1014 virtutum
513 982 652 1022 insignia

145 1068 227 1101 133.
261 1067 327 1101 Ubi
352 1069 471 1108 gaudet
498 1068 635 1100 mirifica

262 1116 426 1149 Creatoris
452 1117 637 1156 praesentia

143 1204 225 1236 143.
255 1203 354 1241 Audi,
382 1208 487 1244 pater,
519 1204 698 1237 humillima

265 1251 421 1284 Filiorum
449 1254 639 1292 praeconia3

138 1339 181 1372 15
192 1348 221 1373 3.
255 1338 332 1377 Fae,
359 1343 394 1371 ut
420 1349 574 1379 praesens
609 1339 732 1373 familia

260 1388 351 1420 Inter
376 1393 561 1420 sanctorum
594 1389 693 1428 milia,

878 265 938 298 712.
971 265 1053 297 Nam
1079 274 1136 297 sua
1162 265 1264 297 libens
1290 265 1397 297 munia

969 315 1128 354 Acceptat
1154 313 1274 346 Christi
1300 313 1413 353 gratia.

873 399 937 434 8b.
969 401 1006 432 In
1033 401 1122 432 cuius
1149 404 1252 432 mente
1279 400 1407 440 placida

967 448 1129 480 Virtutum
1154 448 1299 489 fragrant
1323 449 1474 481 balsama.

873 533 936 567 9b.
969 534 1032 567 Sed
1063 536 1132 575 quis
1160 536 1226 567 eius
1253 535 1421 576 magnifica

968 584 1090 616 Cuncta
1117 584 1203 615 dicat
1229 584 1407 615 miracula?

850 668 891 700 10
904 667 934 699 b.
967 668 1010 700 Et
1036 668 1094 700 sub
1121 669 1241 701 Christi
1267 669 1382 701 militia

969 716 1081 748 Castra
1107 716 1221 748 florent
1248 718 1385 758 insignia

845 802 885 834 11
899 801 928 833 b.
963 803 1007 835 Ut
1038 803 1208 834 cedrorum
1235 804 1396 843 plantaria

963 850 1099 882 Fluenta
1127 860 1227 892 prope
1255 852 1398 891 limpida

841 937 882 969 12
897 936 926 968 b.
959 937 1073 969 Carnis
1101 938 1265 977 deponens
1291 947 1389 969 onera

961 984 1098 1016 Sanctus
1127 986 1313 1017 conscendit
1331 986 1475 1029 aethera,

843 1071 886 1104 13
899 1070 928 1103 b.
961 1071 998 1103 In
1025 1071 1209 1111 angelorum
1238 1072 1326 1103 curia

963 1120 1026 1151 Per
1058 1118 1143 1151 festa
1169 1120 1371 1151 immortalia.

842 1206 884 1238 14
896 1205 927 1238 b.
959 1206 1027 1238 Tua
1055 1207 1158 1238 dulcis
1183 1207 1329 1238 custodia

960 1254 1061 1286 Nobis
1088 1257 1167 1286 assit
1193 1264 1251 1296 per
1277 1255 1392 1287 omnia.

842 1343 882 1374 15
896 1341 927 1375 b.
960 1343 1028 1381 Qua
1055 1341 1183 1381 frueris,
1212 1346 1368 1383 perpetua

959 1391 1129 1430 Tripudiet
1156 1391 1188 1422 in
1216 1391 1317 1431 gloria

480 1476 534 1508 16.
562 1475 605 1506 Et
633 1475 765 1507 caelesti
790 1476 986 1517 symphonia

557 1523 659 1555 Deum
688 1524 798 1556 laudet
824 1534 884 1565 per
911 1525 1049 1558 saecula.

213 1609 297 1636 Miss.
318 1609 490 1636 Morinense
513 1610 581 1645 imp.
604 1610 783 1646 Rothomagi
809 1609 890 1638 1516.
914 1611 946 1637 A.
963 1626 999 1630 —
1014 1612 1097 1638 Mjss.
1114 1612 1282 1640 Mol-issense
1305 1614 1373 1648 imp.
1390 1614 1471 1640 Pari-

135 1648 188 1674 siis
212 1645 294 1675 1518.
316 1648 349 1675 B.
364 1662 402 1666 —
416 1648 498 1675 Miss.
522 1649 691 1676 Morinense
713 1650 782 1685 imp.
804 1650 983 1686 Rothomagi
1008 1649 1080 1678 1523
1102 1651 1133 1678 C.
1148 1665 1186 1670 —
1204 1650 1244 1679 lb
1258 1672 1264 1683 ,
1286 1650 1303 1678 2
1324 1652 1471 1688 depromis

134 1686 195 1713 AB.
211 1700 244 1705 —
263 1685 314 1718 5a,
335 1684 353 1714 3
368 1687 438 1714 Iura
454 1688 487 1713 A.
505 1702 539 1706 -
557 1686 608 1719 8b.
632 1686 649 1714 :2
670 1688 796 1724 flagrant
818 1689 851 1715 Α.
867 1703 904 1707 -
920 1689 976 1716 Str.
995 1688 1052 1716 loa
1074 1698 1138 1725 sqq.
1161 1690 1280 1717 wurden
1302 1691 1346 1717 als
1368 1692 1471 1724 eigene

135 1725 270 1761 Sequenz
292 1726 415 1753 benutzt
435 1726 575 1753 wiihrend
597 1726 648 1753 der
670 1727 832 1754 Festoktav
853 1727 904 1755 des
926 1728 1077 1764 Heiligen.

535 1868 602 1900 247.
646 1869 688 1900 De
710 1877 735 1900 s.
758 1869 891 1901 Maximo
914 1869 1072 1911 Regiensi.

689 1931 702 1958 1
711 1940 729 1958 n
757 1932 782 1959 Ο
791 1941 806 1958 c
815 1934 828 1959 t
835 1940 852 1959 a
861 1941 880 1958 v
889 1940 914 1959 a.

158 2017 216 2050 13.
247 2017 495 2058 congaudentes
527 2019 722 2050 exsultemus

252 2065 296 2098 Et
323 2065 451 2098 beatum
479 2067 699 2099 collaudemus

301 2114 419 2147 Omnes
445 2124 510 2147 una
534 2115 734 2156 Maximum3
773 2137 776 2140 -

154 2203 217 2236 23.
248 2202 330 2242 Quia
355 2205 467 2235 noster
494 2206 543 2234 est
568 2207 736 2243 patronus,

253 2251 396 2284 concors
422 2250 480 2283 fiat
505 2251 571 2283 oris
597 2260 693 2283 sonus

299 2299 344 2332 Et
369 2299 486 2332 mentis
515 2299 660 2340 devoti03

157 2386 220 2420 33.
238 2385 302 2418 -Ab
327 2389 436 2418 aetate
461 2385 637 2419 iuventutis

251 2434 316 2467 Vas
342 2433 474 2467 effectus
505 2437 555 2466 est
581 2433 721 2476 virtutis,

298 2483 368 2517 Vas
393 2482 546 2515 caelestis
573 2482 708 2524 gratiae,

864 2019 924 2052 lb.
958 2020 1042 2052 Hinc
1066 2021 1241 2061 psallentes
1269 2020 1444 2054 confessori

955 2068 1005 2100 Ab
1033 2073 1167 2109 utraque
1193 2074 1285 2109 parte
1312 2071 1399 2102 chori

1001 2117 1240 2150 Concordemus
1266 2119 1450 2158 plurimum.

859 2203 922 2238 2b.
957 2204 1046 2236 Nihil
1073 2205 1194 2236 habens
1221 2205 1253 2236 in
1280 2214 1313 2236 se
1340 2206 1432 2237 triste

954 2252 1170 2293 Expendatur
1197 2253 1266 2284 dies
1292 2254 1354 2284 iste

1003 2303 1041 2334 In
1068 2301 1135 2333 eius
1163 2302 1345 2341 praeconio.

859 2386 920 2420 3b.
954 2387 1061 2419 Sacris
1088 2395 1226 2419 vernans
1251 2387 1417 2426 institutis,

953 2435 1094 2467 Verbum
1121 2435 1206 2468 vitae
1231 2439 1261 2467 et
1288 2436 1400 2468 salutis

1002 2483 1181 2525 Propinans
1208 2484 1373 2518 ecclesiae.
