1655 2713
669 163 925 199 —179—

153 254 215 286 58.
246 254 273 288 Ο
300 265 357 287 vas
382 255 522 297 flagrans
549 259 658 299 odore,

251 302 348 335 Cuius
376 303 448 337 fuso
475 315 588 339 cruore

251 351 347 384 Mons
375 352 462 385 Sinai
490 363 625 395 corpore

297 399 490 435 Decoratur.

854 261 916 295 5b.
947 262 1007 294 Dei
1035 263 1145 303 dignos
1171 272 1280 296 amore

949 311 1014 343 Nos
1040 310 1102 352 fac,
1129 312 1276 344 caelestis
1301 321 1377 344 orae

949 360 1039 398 Quod
1068 359 1181 391 cohors
1207 360 1286 392 haec
1311 361 1411 393 odore

995 407 1194 442 Perfruatur.

204 469 326 498 Collect.
350 480 404 499 ms.
428 472 650 502 Clau-avallense
673 484 749 503 saec.
773 474 816 503 15.
836 477 906 504 Cod.
922 478 1043 505 Trecen.
1069 476 1150 505 1612.
1166 493 1202 498 —
1217 480 1345 508 Melodie
1368 481 1457 508 offen-

123 508 179 536 bar
200 509 367 542 „Mariae
394 512 630 546 praeeonio“‚
653 513 712 541 und
733 514 863 542 dadurch
884 515 959 543 auch
981 517 1025 543 als
1048 516 1181 552 Sequenz
1204 518 1399 547 erkenntlich.

555 635 616 667 195.
658 636 700 667 De
721 638 831 668 sancta
852 637 1041 670 Katharina.

149 721 209 754 la.
246 723 272 755 Ο
300 723 395 755 beata
423 725 615 766 Katharina,

246 770 272 803 Ο
300 772 470 811 praeclara
497 773 592 806 laude
619 775 725 814 digna,

294 821 382 858 Quae
408 829 576 857 meremur.

294 867 344 899 Ne
363 868 560 910 damnemur,

339 916 472 956 Repelle
497 918 669 957 supplicia.

146 988 206 1020 22.
239 988 350 1019 Monte
378 988 454 1020 Sina
481 998 596 1029 corpus
623 990 722 1022 latum

244 1035 361 1067 Rorem
382 1036 483 1068 stillat
501 1038 606 1077 aegris
620 1042 756 1079 gratum,

241 1085 309 1122 Quo
337 1084 508 1116 multarum
535 1086 707 1117 sanitatum

289 1131 415 1163 Dantur
442 1132 607 1166 beneficia.

141 1202 202 1236 32.
235 1202 340 1238 Salve,
368 1204 469 1245 salve,
497 1215 552 1236 vas
580 1206 724 1245 pudoris,

239 1251 302 1282 Vas
328 1252 476 1284 caelestis
502 1253 631 1292 plenum
661 1255 754 1293 roris,

238 1299 394 1331 Mundum
410 1300 506 1343 intus,
525 1302 646 1333 clarum
663 1301 752 1342 foris,

286 1348 403 1380 Nobile
430 1358 490 1390 per
515 1351 631 1382 omnia.

851 727 911 761 lb.
943 728 1039 760 Fonti
1065 739 1205 762 summae
1232 732 1374 771 pietatis,

943 778 1003 815 Qui
1030 787 1087 808 nos
1114 779 1193 810 lavit
1219 789 1236 811 a
1263 783 1417 822 peccatis,

990 825 1066 866 Nos,
1097 826 1243 867 benigna,

990 873 1088 904 Prece
1116 875 1212 914 digna

1037 922 1220 953 Clementer
1245 925 1390 956 concilia.

844 990 908 1026 2b.
941 992 1025 1024 Rosa
1052 993 1171 1025 Christi
1198 996 1391 1034 praeelecta,

938 1040 1024 1072 Rosa
1052 1041 1168 1073 decens
1195 1048 1226 1074 et
1253 1043 1410 1084 perfecta,

938 1089 1099 1120 Passionis
1125 1089 1208 1122 falce
1239 1097 1337 1131 secta,

984 1136 1050 1168 Fac
1077 1147 1132 1169 nos
1160 1139 1273 1179 dignos
1300 1141 1402 1175 venia.

841 1207 901 1240 3b.
933 1208 999 1240 Fac
1035 1219 1092 1240 nos
1119 1212 1207 1250 sequi
1234 1213 1449 1253 sanctitatem,

937 1257 1002 1289 Fac
1029 1267 1088 1297 per
1115 1260 1230 1291 mentis
1257 1262 1432 1300 puritatem

935 1305 1158 1346 Contemplari
1186 1309 1363 1341 trinitatem

983 1354 1086 1386 Unam
1114 1356 1144 1386 in
1173 1357 1365 1391 substantia.

194 1418 315 1446 Collect.
347 1429 399 1447 ms-
422 1420 644 1449 Claravalleuse
666 1431 742 1450 saec.
766 1421 809 1450 15.
831 1423 902 1451 Cod.
923 1425 1044 1452 Trecen.
1070 1425 1151 1454 1612.
1172 1443 1210 1447 —
1235 1427 1288 1459 11),
1318 1429 1335 1456 4
1357 1430 1449 1458 Preee

113 1457 173 1493 pia.
196 1472 234 1476 —
254 1458 400 1485 Melodie:
423 1459 582 1488 Verbum
606 1461 748 1489 honum.

535 1563 596 1594 196.
638 1564 680 1595 De
701 1566 811 1595 sancta
833 1564 1024 1597 Katharina.

138 1649 196 1683 la.
227 1651 458 1685 Laetabundus

232 1700 279 1732 Te
305 1701 417 1733 laudat
443 1701 548 1734 fidelis
575 1703 701 1743 chorus,

282 1749 473 1783 Katherina.

137 1822 199 1854 28.
230 1822 325 1854 Fidei
354 1825 534 1856 constantia

279 1871 443 1911 Superans
470 1872 682 1913 Maxentium,

327 1920 519 1953 Katherina.

131 1991 191 2024 3a.
224 1991 274 2023 Tu
298 1991 432 2024 adflicta
458 1992 603 2031 verbere,

226 2040 345 2072 'l'aetro
371 2042 480 2074 clausa
507 2050 647 2083 carcere,

276 2089 467 2124 Katherina‚

128 2163 188 2194 4a.
221 2161 267 2193 Te
292 2163 406 2202 regina
432 2164 578 2204 sequitur

223 2209 267 2242 Et
293 2214 398 2243 morte
424 2213 643 2253 progreditur,

275 2259 467 2303 Katherina,

126 2331 186 2365 5a.
219 2330 341 2365 Fracta
367 2337 458 2366 rotae
484 2334 632 2366 machina

221 2381 329 2414 Multa
355 2382 472 2414 sternit
497 2383 635 2424 agmina,

221 2427 291 2461 Nec
315 2434 348 2462 te
373 2431 506 2463 laedunt
534 2430 704 2472 fragmina,

267 2478 460 2514 Katherina.

838 1657 898 1689 lb.
929 1658 989 1697 Qui
1017 1659 1151 1690 devotus

931 1706 1062 1738 Yictrici
1090 1707 1148 1739 tibi
1176 1710 1366 1751 congaudet,

979 1756 1170 1790 Katherina.

833 1826 896 1861 21).
930 1828 1012 1861 Mira
1041 1829 1223 1869 eloquentia

979 1877 1102 1908 Victrix
1130 1878 1356 1919 eloquentium,

1026 1926 1216 1958 Katherina.

832 1995 893 2029 3b.
927 1996 1080 2038 Sponsus,
1109 2002 1140 2030 te
1167 1999 1242 2031 dum
1271 2001 1390 2040 visitat,

928 2046 982 2077 Pie
1008 2051 1040 2078 te
1067 2047 1267 2085 corroborat,

974 2095 1164 2129 Katherina.

829 2165 893 2201 4b.
925 2167 1015 2199 Duce
1043 2176 1112 2199 cum
1142 2168 1323 2208 Porphyrio

924 2215 1113 2248 Ducentena
1140 2217 1257 2257 contio,

973 2264 1163 2297 Katherina.

829 2335 890 2370 5b.
922 2337 1012 2378 Mox,
1039 2342 1073 2368 ut
1101 2337 1183 2368 collo
1210 2338 1374 2380 plecteris,

924 2385 1065 2425 Longius
1094 2385 1240 2417 eveheris

922 2435 952 2466 A
980 2434 1135 2465 ministris
1162 2435 1299 2475 superis,

973 2482 1163 2515 Katherina.

1202 2539 1258 2568 12*
