1655 2713
664 145 925 181 -193—

150 235 208 269 3³.
239 235 380 268 Lucrum
419 248 578 279 quaerens
613 241 762 282 spiritale

245 284 380 317 Culmen
407 288 492 319 rexit
516 289 697 330 principale

292 332 431 366 Minoris
458 335 662 377 Britanniae;

148 429 210 463 4a.
242 430 361 462 Curam
388 432 522 464 tradens
548 433 603 465 alii

245 477 382 518 Compos
410 479 563 512 desiderii

291 526 389 567 Degit
416 528 475 559 sub
502 529 642 569 silentio,

146 623 206 655 5a.
235 623 356 655 Consul
389 624 482 656 adest
521 626 578 658 sed
602 626 761 666 leprosus,

243 670 292 702 Ne
318 671 436 703 lateret
461 673 620 713 gloriosus

291 719 390 751 Pater
416 721 486 752 sine
512 722 634 763 gloria3

146 816 205 850 6a.
237 816 331 848 Vitae
357 816 467 849 reddit
493 822 662 861 mortuum,

241 865 341 904 Quem
370 874 487 904 vorago
513 864 667 898 fluctuum

289 913 383 945 Prius
410 913 641 954 absorbuerat3

147 1010 208 1042 7a.
240 1010 370 1041 Vultum
398 1011 539 1042 reddens
566 1012 694 1043 servulo

240 1058 368 1090 Victum
395 1059 505 1091 reddit
531 1060 662 1102 populo,

240 1106 363 1138 Navem
391 1108 476 1139 rexit
498 1107 623 1145 baculo,

287 1154 353 1187 Sed
379 1164 439 1187 nec
465 1156 611 1196 plaustro
638 1155 754 1190 defuit.

143 1251 202 1286 8a.
234 1250 368 1292 Culpam
397 1253 496 1284 donat
522 1253 574 1284 hic
599 1254 728 1294 levitae,

236 1300 381 1341 Angelus
408 1301 493 1332 hunc
518 1311 601 1342 pane
628 1303 713 1334 vitae

285 1349 393 1381 Munit
417 1350 530 1382 mortis
556 1351 717 1393 pretium3

142 1447 200 1480 9a.
234 1446 374 1487 Maglori
402 1451 506 1487 pater,
535 1447 632 1479 visita

238 1494 306 1526 Nos
330 1496 453 1535 pietate
479 1495 586 1535 solita,

239 1543 328 1575 Tuae
354 1552 468 1584 preces
497 1547 528 1575 et
553 1545 669 1576 merita

238 1591 361 1632 Culpae
388 1592 536 1624 relaxent
563 1592 684 1625 debita.

846 243 910 277 3b.
941 243 1039 284 Fugit
1063 248 1170 277 tamen
1196 251 1274 278 nutu
1300 247 1373 281 Dei,

940 293 1008 332 Quo
1035 297 1165 325 vacaret
1190 297 1276 326 totus
1302 295 1341 333 ei,

987 340 1141 381 Regimen
1168 342 1334 375 ecclesiae.

846 435 909 470 4b.
943 436 996 468 Sic
1021 437 1123 468 latere
1150 438 1261 477 voluit,

942 484 1009 516 Nec
1033 484 1189 517 abscondi
1217 488 1320 526 potuit

988 532 1135 565 Lucerna
1161 535 1218 566 sub
1246 537 1363 569 modio.

847 630 866 660 5
879 627 909 660 b.
942 629 1059 660 Preces
1075 630 1143 661 eius
1154 631 1275 670 lepram
1288 634 1443 665 mundant

943 676 1038 708 Cuius
1065 678 1159 709 iussis
1186 679 1407 713 obsecundant

986 726 1083 763 Aves,
1113 727 1229 767 pisces,
1257 730 1366 763 maria.

1449 659 1458 674 9

843 819 906 854 6b.
936 821 989 852 Ad
1017 821 1109 854 huius
1136 823 1304 856 arbitrium

941 869 1041 901 Piscis
1068 871 1163 903 turba
1189 873 1325 912 piscium

986 919 1178 950 Ministrans
1204 921 1416 961 obtemperat.

847 1014 864 1046 7
880 1012 908 1045 b.
941 1014 1065 1054 Lingua
1094 1020 1200 1047 mutae
1226 1017 1373 1059 solvitur,

944 1062 1062 1094 Servus
1090 1064 1170 1102 pisci
1196 1065 1330 1099 tollitur.

945 1111 999 1142 Vis
1026 1111 1153 1142 hostilis
1181 1112 1320 1144 vincitur

989 1159 1031 1190 Et
1059 1169 1192 1200 serpens
1218 1162 1377 1194 occubuit.

845 1255 906 1288 sb.
942 1256 1058 1288 Hostes
1085 1258 1191 1296 privat
1219 1258 1270 1288 hic
1297 1263 1429 1298 repente

939 1305 1063 1336 Partim
1084 1306 1164 1343 visu,
1192 1307 1310 1345 partim
1332 1312 1448 1347 mente,

990 1353 1063 1384 Vita
1089 1363 1224 1393 nequam
1252 1355 1362 1389 filium.

841 1448 902 1481 9b.
936 1450 998 1481 Per
1025 1453 1056 1480 te
1084 1450 1232 1482 vincatur
1257 1451 1390 1483 zabulus

936 1497 979 1529 Et
1006 1498 1155 1529 vitiorum
1183 1500 1331 1539 populus,

937 1545 998 1577 Per
1024 1550 1055 1576 te
1082 1546 1219 1577 victores
1247 1548 1364 1579 saeculi

937 1593 1066 1626 Christo
1094 1603 1242 1625 vacemus
1269 1596 1386 1628 seduli.

193 1687 278 1714 Miss.
300 1697 354 1714 ms.
380 1688 668 1724 Sanirnaglorianum
691 1697 769 1716 saec.
795 1687 838 1716 15.
861 1691 900 1716 in.
924 1689 993 1716 Cod.
1017 1689 1143 1716 Pru-isin.
1160 1691 1262 1717 Arsen.
1285 1689 1349 1718 623.
1365 1693 1399 1719 Α.
1416 1707 1454 1712 —-

116 1725 238 1754 Collect.
272 1735 326 1754 ms.
359 1727 544 1754 Victorinum
582 1736 658 1755 saec.
689 1726 733 1754 15.
767 1725 825 1763 [13.
860 1726 915 1763 16].
947 1728 1016 1755 (ἶοά.
1050 1729 1178 1755 Parisin.
1214 1728 1319 1756 14872.
1354 1732 1384 1757 B.
1417 1746 1454 1749 ——

116 1763 170 1800 lb,
193 1763 211 1792 2
232 1765 383 1801 spiritales
408 1768 441 1793 Α.
457 1780 494 1784 -
509 1765 564 1800 422,
587 1766 605 1793 3
627 1767 713 1793 Desit
738 1768 769 1794 Β,
786 1783 822 1787 —-
839 1765 893 1799 7a,
917 1765 934 1793 2
954 1767 1034 1793 dedit
1059 1768 1089 1793 Β.
1114 1783 1140 1786 -
1159 1766 1173 1794 Τ
1187 1776 1213 1797 a,
1235 1768 1253 1795 3
1275 1771 1347 1795 texit
1371 1771 1400 1796 Η,
1418 1785 1453 1789 -

114 1804 148 1836 b,
182 1802 200 1831 3
223 1804 279 1831 Vix
307 1804 427 1832 hostilis
451 1805 483 1832 B.
529 1821 557 1824 —
583 1804 644 1838 81),
675 1804 687 1833 l
716 1806 826 1833 Hostes
854 1806 945 1841 fugat.
967 1821 1004 1825 -
1027 1807 1085 1833 Cfr.
1108 1808 1246 1837 (jautier,
1276 1809 1328 1835 Ad.
1352 1809 1386 1836 de
1410 1810 1453 1836 St.

114 1842 228 1876 Victor,
251 1842 276 1871 1.
299 1843 343 1870 ed.
365 1844 404 1876 11,
423 1854 450 1880 p.
471 1842 536 1872 283.

480 1987 543 2019 215.
586 1987 620 2018 111
642 1986 865 2019 Translatione
887 1997 910 2019 s.
932 1987 1089 2028 Maglorii.

138 2078 154 2111 1
172 2087 200 2110 a.
231 2078 284 2110 Ad
313 2079 467 2110 honorem

285 2127 388 2168 patris
414 2127 567 2167 Maglorii

233 2175 404 2216 Spin-itales

282 2225 445 2256 exsultent
470 2223 548 2266 filii3

135 2323 196 2355 2a.
231 2322 338 2354 Primo
367 2323 427 2355 Dei
454 2323 560 2364 gratia

229 2371 437 2404 Translatum
465 2371 506 2404 de
532 2370 646 2411 Sargia

230 2419 368 2460 Recepit
393 2420 564 2453 Britannia

280 2469 407 2510 Corpus
433 2467 698 2502 sacratissimum.

166 2527 300 2556 Blume,
319 2528 489 2557 Sequentiao
506 2527 643 2550 Ineditae.
675 2525 724 2549 lx,

839 2079 901 2113 1b.
937 2079 1002 2111 Sub
1030 2080 1170 2119 pastoris

983 2128 1067 2160 sacri
1093 2129 1279 2168 praesentia

935 2176 1072 2217 Gregem
1099 2186 1191 2208 sacra

979 2225 1072 2256 decet
1098 2225 1231 2257 laetitia.

837 2321 903 2356 2b.
937 2322 1002 2355 Sub
1028 2331 1160 2354 accessu
1186 2322 1290 2354 litoris

933 2371 1036 2403 Tactu
1062 2371 1146 2402 sacri
1174 2370 1318 2410 corporis

935 2420 1014 2452 Pars
1042 2423 1182 2451 mutatur
1207 2418 1333 2450 arboris

983 2470 1019 2501 In
1047 2476 1195 2508 saporem
1223 2467 1388 2507 optimum.

1239 2522 1274 2552 13
