1655 2713
747 151 1004 185 -176—

595 247 625 280 8.
658 247 721 278 Sed
747 251 778 278 te
805 247 897 288 duce,
924 247 1024 289 virgo,
1052 257 1144 281 neam

663 303 766 326 visere
792 304 949 334 possimus

659 342 806 374 caelestis
832 343 950 375 theatri
976 344 1135 377 choream.

284 428 370 455 Grad.
400 438 449 455 ms.
479 429 507 456 S.
534 430 687 458 Elisabeth
717 432 972 460 Wratislaviensis
1002 442 1077 461 saec.
1107 432 1151 462 15.
1180 435 1250 463 Cod.
1279 437 1355 464 Mus.
1380 437 1518 466 Silesiae.

208 465 268 492 Pol.
290 466 302 492 1
324 465 361 493 40
381 468 411 494 C.
434 482 469 486 —-
495 467 546 498 lb,
575 468 587 495 1
610 478 653 504 sq.
675 470 790 497 fecundi
812 471 882 498 Nili.
903 485 940 490 —
963 471 1012 505 lb,
1034 471 1052 500 5
1072 473 1151 500 steht
1170 483 1223 501 vor
1249 473 1299 507 lb,
1323 473 1348 502 3.
1371 491 1408 494 —
1430 476 1479 511 2a,
1506 475 1521 504 l

208 504 289 530 Haec
310 505 383 531 adiit
403 505 630 534 adulescentula.
646 523 681 526 —
697 506 749 541 21),
771 507 789 535 2
803 518 845 545 sq.
869 518 887 537 a
901 510 1019 538 diversa
1033 514 1052 538 t.
1069 520 1130 539 ora.
1146 527 1182 531 ——
1196 511 1248 544 4a.
1270 512 1288 540 4
1302 513 1374 542 huec
1387 515 1467 542 fehlt.
1482 529 1520 535 —-

205 540 264 573 4⁹„
285 541 303 568 4
323 542 439 569 diceret.
462 558 496 562 —
519 544 568 576 61),
592 544 609 572 2
631 546 684 573 hac
706 547 784 574 fehlt.
811 562 842 566 —
866 546 916 582 73,
938 548 955 575 2
975 548 1084 577 fibrans
1115 565 1151 569 —
1173 550 1224 583 72,
1246 550 1264 579 3
1286 561 1361 588 quae
1382 553 1463 582 fehlt.

619 695 679 726 190.
722 697 763 727 De
784 699 895 728 sancta
916 698 1102 731 Katharinu.

227 781 285 813 la.
318 781 523 814 Fecundatur
550 785 715 825 virginitas
911 789 970 821 lb.
1003 790 1103 822 Decet
1132 791 1229 824 decor
1255 793 1416 833 virgineus

367 830 482 862 Matris
510 831 566 864 Dei
595 834 785 873 praesentia,
1052 838 1152 870 Deum
1189 840 1222 871 in
1247 845 1344 880 partu
1370 843 1512 886 virginis,

319 877 379 908 Est
404 879 534 918 virginis
562 879 740 913 fecunditas
1004 886 1094 925 Quod
1121 887 1209 920 Deus
1236 887 1340 921 factus
1366 899 1500 923 carneus

364 925 414 956 Ex
442 935 556 958 carnea
582 929 726 962 materia.
1049 934 1235 977 Assumpsit
1282 936 1417 970 formam
1459 939 1514 972 ho-

1285 986 1390 1019 minis,

222 1056 278 1088 2a.
311 1056 446 1089 Abiecto
472 1060 576 1091 earnis
600 1062 692 1093 titulo
906 1065 968 1098 2b.
1001 1066 1136 1098 Causam
1165 1069 1292 1101 humani
1320 1072 1446 1111 generis

360 1105 411 1136 Ab
427 1106 517 1137 hoste
530 1117 592 1138 non
608 1110 819 1149 cognoscitur,
1047 1114 1178 1148 Tractat
1202 1117 1288 1149 Deus
1314 1119 1346 1150 in
1374 1119 1510 1161 homine,

313 1151 366 1182 Sol
391 1152 580 1186 obscuratur
605 1156 724 1193 nubilo.
998 1162 1108 1201 Quem,
1136 1164 1325 1203 Katherina‚
1353 1169 1496 1207 sequeris

360 1200 470 1232 Crucis
497 1202 629 1241 eclipsin
657 1205 788 1243 patitur.
1048 1209 1144 1250 Virgo
1178 1216 1285 1244 natum
1313 1223 1351 1246 ex
1377 1215 1511 1256 virgine.

220 1289 278 1322 3a.
309 1289 402 1322 Hunc
428 1291 486 1323 tibi
514 1302 662 1332 sponsum
689 1296 779 1334 eligis
900 1298 961 1331 3b.
997 1300 1045 1331 Tu
1070 1302 1231 1341 sapientes
1258 1313 1403 1346 superas,

361 1338 817 1383 Mundicontemnensgaudia⁷
1044 1348 1228 1388 Tyrannum
1256 1354 1423 1395 patientia,

311 1385 408 1423 Quem
434 1396 513 1425 puro
540 1389 636 1421 corde
660 1390 766 1430 diligis
996 1396 1168 1429 Tormenta
1193 1409 1317 1439 quoque
1344 1402 1471 1445 toleras,

353 1433 476 1465 Fidelis
503 1435 542 1466 ab
568 1435 715 1470 infantia.
1043 1444 1170 1485 Martyr
1196 1447 1315 1480 Christi
1341 1451 1479 1491 egregia.

532 1528 563 1557 4.
598 1527 643 1557 Te
670 1527 880 1566 deprecamur
906 1533 1078 1572 supplices,

598 1574 682 1606 Usus
710 1580 835 1608 nostros
862 1579 1067 1620 multiplices,

646 1622 744 1662 Virgo
772 1625 1013 1669 gloriosissima,

647 1670 789 1702 Attende
815 1673 1071 1711 clementissima.

260 1753 342 1780 Miss.
370 1764 420 1781 ms.
444 1756 625 1785 Voraviense
647 1767 722 1786 saec.
746 1759 789 1787 14.
813 1761 882 1790 Cod.
904 1764 1062 1794 Voravien.
1084 1766 1120 1795 92
1141 1767 1208 1803 (35).
1231 1786 1267 1791 —
1289 1770 1346 1804 2b,
1378 1773 1391 1800 1
1414 1774 1502 1803 Clau-

184 1798 253 1817 sam.
274 1806 309 1809 —
331 1792 386 1821 tib,
416 1791 433 1819 3
455 1794 547 1827 Quem
568 1797 660 1823 Lucia
688 1801 834 1833 sequeris;
862 1802 956 1830 Lucia
981 1805 1059 1839 passt
1079 1807 1161 1834 nicht
1182 1810 1213 1835 in
1233 1809 1290 1837 den
1311 1812 1411 1845 Reim,
1440 1814 1499 1841 und

182 1830 360 1856 namentlich
382 1830 435 1863 311,
459 1832 470 1858 1
495 1842 556 1869 sqq.
578 1835 674 1862 weisst
695 1837 746 1863 auf
764 1837 810 1865 die
831 1838 870 1866 hl.
892 1841 1056 1870 Katherina
1075 1844 1135 1872 hin.
1168 1861 1203 1865 —
1234 1845 1285 1881 3a,
1309 1848 1322 1876 1
1345 1851 1439 1878 Nunc.

181 1867 237 1894 Die
258 1868 407 1904 Dichtung
429 1871 526 1898 macht
545 1872 600 1899 den
621 1873 772 1902 Eindruek
795 1877 875 1905 eines
898 1879 1042 1914 Hymnus,

597 2022 651 2054 191.
692 2025 733 2056 De
755 2029 866 2059 sancta
885 2028 1075 2063 Katharina.

203 2108 262 2139 la.
293 2107 448 2148 Sospitati
475 2111 564 2142 dedit
590 2122 702 2153 aegros
891 2119 952 2152 1b.
983 2121 1164 2156 Katharina
1191 2126 1391 2162 Maxentium

342 2157 403 2188 olei
431 2158 592 2199 perfusi03
1031 2170 1176 2205 confudit
1202 2175 1353 2217 alloquio.

200 2247 259 2278 2a.
292 2248 530 2305 Quinquaginta
553 2252 714 2306 sapientes
885 2258 949 2292 2b.
980 2261 1039 2300 Qui
1050 2272 1123 2295 mox
1133 2264 1491 2306 Christumconfitentes

341 2302 496 2330 convert1t
522 2307 636 2339 lgeulo‚
1027 2310 1114 2350 plexi
1142 2318 1216 2346 sunt
1241 2319 1407 2358 martyrio.

198 2387 256 2419 3a.
288 2388 380 2420 Hanc
406 2390 515 2430 regina
539 2392 681 2424 visitavit
883 2398 945 2432 3b.
976 2401 1075 2440 Quam
1102 2414 1220 2440 corona
1246 2409 1411 2445 decoravit

336 2438 473 2470 carceris
498 2439 530 2471 in
556 2441 672 2480 medio,
1023 2460 1086 2485 una
1113 2463 1184 2487 cum
1210 2457 1404 2501 Porphyrio.
