<?xml version="1.0" encoding="UTF-8"?>
<!DOCTYPE html PUBLIC "-//W3C//DTD XHTML 1.0 Transitional//EN"
    "http://www.w3.org/TR/xhtml1/DTD/xhtml1-transitional.dtd">
<html xmlns="http://www.w3.org/1999/xhtml" xml:lang="en" lang="en">
 <head>
  <title>
</title>
<meta http-equiv="Content-Type" content="text/html;charset=utf-8" />
  <meta name='ocr-system' content='tesseract 3.04.00' />
  <meta name='ocr-capabilities' content='ocr_page ocr_carea ocr_par ocr_line ocrx_word'/>
</head>
<body>
  <div class='ocr_page' id='page_1' title='image "./analectahymnica44drevuoft_0083.png"; bbox 0 0 1655 2713; ppageno 0'>
   <div class='ocr_carea' id='block_1_1' title="bbox 738 149 975 184">
    <p class='ocr_par' dir='ltr' id='par_1_1' title="bbox 738 149 975 184">
     <span class='ocr_line' id='line_1_1' title="bbox 738 149 975 184; baseline -0.004 -10"><span class='ocrx_word' id='word_1_1' title='bbox 738 149 975 184; x_wconf 75' lang='lat'>-80-</span> 
     </span>
    </p>
   </div>
   <div class='ocr_carea' id='block_1_2' title="bbox 626 289 1085 322">
    <p class='ocr_par' dir='ltr' id='par_1_2' title="bbox 626 289 1085 322">
     <span class='ocr_line' id='line_1_2' title="bbox 626 289 1085 322; baseline -0.004 0"><span class='ocrx_word' id='word_1_2' title='bbox 626 291 673 322; x_wconf 88' lang='lat'>80.</span> <span class='ocrx_word' id='word_1_3' title='bbox 717 291 757 321; x_wconf 79' lang='lat' dir='ltr'>De</span> <span class='ocrx_word' id='word_1_4' title='bbox 778 291 888 321; x_wconf 79' lang='lat' dir='ltr'>saneto</span> <span class='ocrx_word' id='word_1_5' title='bbox 910 289 1085 321; x_wconf 72' lang='lat' dir='ltr'>Benedicta.</span> 
     </span>
    </p>
   </div>
   <div class='ocr_carea' id='block_1_3' title="bbox 910 394 1526 531">
    <p class='ocr_par' dir='ltr' id='par_1_3' title="bbox 910 394 1526 531">
     <span class='ocr_line' id='line_1_3' title="bbox 910 394 1526 434; baseline -0.003 -7"><span class='ocrx_word' id='word_1_6' title='bbox 910 396 926 427; x_wconf 94' lang='lat'>1</span> <span class='ocrx_word' id='word_1_7' title='bbox 944 394 976 427; x_wconf 90' lang='lat' dir='ltr'>b.</span> <span class='ocrx_word' id='word_1_8' title='bbox 1009 394 1075 426; x_wconf 91' lang='lat' dir='ltr'>Nos</span> <span class='ocrx_word' id='word_1_9' title='bbox 1108 397 1142 426; x_wconf 86' lang='lat' dir='ltr'>ut</span> <span class='ocrx_word' id='word_1_10' title='bbox 1167 397 1290 434; x_wconf 82' lang='lat' dir='ltr'>patrem</span> <span class='ocrx_word' id='word_1_11' title='bbox 1317 402 1526 434; x_wconf 64' lang='lat' dir='ltr'>veueremur‚</span> 
     </span>
     <span class='ocr_line' id='line_1_4' title="bbox 1003 443 1387 475; baseline -0.005 0"><span class='ocrx_word' id='word_1_12' title='bbox 1003 443 1202 475; x_wconf 87' lang='lat' dir='ltr'>Venerantes</span> <span class='ocrx_word' id='word_1_13' title='bbox 1226 443 1387 474; x_wconf 87' lang='lat' dir='ltr'>imitemur</span> 
     </span>
     <span class='ocr_line' id='line_1_5' title="bbox 1052 490 1462 531; baseline -0.002 -9"><span class='ocrx_word' id='word_1_14' title='bbox 1052 491 1162 522; x_wconf 91' lang='lat' dir='ltr'>Virum</span> <span class='ocrx_word' id='word_1_15' title='bbox 1189 491 1320 531; x_wconf 91' lang='lat' dir='ltr'>plenum</span> <span class='ocrx_word' id='word_1_16' title='bbox 1347 490 1462 531; x_wconf 83' lang='lat' dir='ltr'>gratia.</span> 
     </span>
    </p>
   </div>
   <div class='ocr_carea' id='block_1_4' title="bbox 221 395 974 726">
    <p class='ocr_par' dir='ltr' id='par_1_4' title="bbox 221 395 974 726">
     <span class='ocr_line' id='line_1_6' title="bbox 227 395 840 435; baseline -0.003 -7"><span class='ocrx_word' id='word_1_17' title='bbox 227 397 242 428; x_wconf 88' lang='lat'>1</span> <span class='ocrx_word' id='word_1_18' title='bbox 261 405 288 428; x_wconf 86' lang='lat' dir='ltr'>a.</span> <span class='ocrx_word' id='word_1_19' title='bbox 320 396 471 435; x_wconf 86' lang='lat' dir='ltr'>Magnum</span> <span class='ocrx_word' id='word_1_20' title='bbox 486 400 608 434; x_wconf 89' lang='lat' dir='ltr'>patrem</span> <span class='ocrx_word' id='word_1_21' title='bbox 620 395 840 434; x_wconf 88' lang='lat' dir='ltr'>Benedictum‚</span> 
     </span>
     <span class='ocr_line' id='line_1_7' title="bbox 319 443 821 485; baseline 0 -11"><span class='ocrx_word' id='word_1_22' title='bbox 319 443 425 474; x_wconf 79' lang='lat' dir='ltr'>Virum</span> <span class='ocrx_word' id='word_1_23' title='bbox 456 443 571 474; x_wconf 86' lang='lat' dir='ltr'>iustum</span> <span class='ocrx_word' id='word_1_24' title='bbox 600 447 631 473; x_wconf 86' lang='lat' dir='ltr'>et</span> <span class='ocrx_word' id='word_1_25' title='bbox 656 443 821 485; x_wconf 86' lang='lat' dir='ltr'>invictum,</span> 
     </span>
     <span class='ocr_line' id='line_1_8' title="bbox 363 491 711 529; baseline -0.003 -7"><span class='ocrx_word' id='word_1_26' title='bbox 363 491 532 523; x_wconf 70' lang='lat' dir='ltr'>collaudet</span> <span class='ocrx_word' id='word_1_27' title='bbox 559 491 711 529; x_wconf 79' lang='lat' dir='ltr'>ecclesia3</span> 
     </span>
     <span class='ocr_line' id='line_1_9' title="bbox 221 590 974 630; baseline 0 -7"><span class='ocrx_word' id='word_1_28' title='bbox 221 593 239 623; x_wconf 85' lang='lat'>2</span> <span class='ocrx_word' id='word_1_29' title='bbox 257 600 284 622; x_wconf 92' lang='lat' dir='ltr'>a.</span> <span class='ocrx_word' id='word_1_30' title='bbox 318 591 412 622; x_wconf 83' lang='lat' dir='ltr'>Cuius</span> <span class='ocrx_word' id='word_1_31' title='bbox 441 591 523 622; x_wconf 91' lang='lat' dir='ltr'>dono</span> <span class='ocrx_word' id='word_1_32' title='bbox 550 595 777 630; x_wconf 83' lang='lat' dir='ltr'>praecurrente</span> <span class='ocrx_word' id='word_1_33' title='bbox 908 592 927 623; x_wconf 89' lang='lat'><strong>2</strong></span> <span class='ocrx_word' id='word_1_34' title='bbox 944 590 974 624; x_wconf 93' lang='lat' dir='ltr'>b.</span> 
     </span>
     <span class='ocr_line' id='line_1_10' title="bbox 315 639 775 677; baseline 0.002 -8"><span class='ocrx_word' id='word_1_35' title='bbox 315 639 397 669; x_wconf 87' lang='lat' dir='ltr'>Puer</span> <span class='ocrx_word' id='word_1_36' title='bbox 422 647 509 677; x_wconf 67' lang='lat' dir='ltr'>aev0,</span> <span class='ocrx_word' id='word_1_37' title='bbox 537 648 633 670; x_wconf 83' lang='lat' dir='ltr'>senex</span> <span class='ocrx_word' id='word_1_38' title='bbox 660 643 775 676; x_wconf 80' lang='lat' dir='ltr'>mente,</span> 
     </span>
     <span class='ocr_line' id='line_1_11' title="bbox 361 685 727 726; baseline 0.005 -10"><span class='ocrx_word' id='word_1_39' title='bbox 361 686 459 717; x_wconf 86' lang='lat' dir='ltr'>Manu</span> <span class='ocrx_word' id='word_1_40' title='bbox 485 687 586 726; x_wconf 84' lang='lat' dir='ltr'>tangit</span> <span class='ocrx_word' id='word_1_41' title='bbox 613 685 727 724; x_wconf 81' lang='lat' dir='ltr'>fortia3</span> 
     </span>
    </p>
   </div>
   <div class='ocr_carea' id='block_1_5' title="bbox 1003 590 1517 719">
    <p class='ocr_par' dir='ltr' id='par_1_5' title="bbox 1003 590 1517 719">
     <span class='ocr_line' id='line_1_12' title="bbox 1005 590 1517 632; baseline 0 -10"><span class='ocrx_word' id='word_1_42' title='bbox 1005 591 1119 623; x_wconf 87' lang='lat' dir='ltr'>Carnis</span> <span class='ocrx_word' id='word_1_43' title='bbox 1139 590 1291 632; x_wconf 85' lang='lat' dir='ltr'>frangens</span> <span class='ocrx_word' id='word_1_44' title='bbox 1305 591 1517 631; x_wconf 81' lang='lat' dir='ltr'>voluptatem,</span> 
     </span>
     <span class='ocr_line' id='line_1_13' title="bbox 1003 639 1516 681; baseline 0 -11"><span class='ocrx_word' id='word_1_45' title='bbox 1003 639 1118 670; x_wconf 88' lang='lat' dir='ltr'>Mundi</span> <span class='ocrx_word' id='word_1_46' title='bbox 1146 647 1301 679; x_wconf 87' lang='lat' dir='ltr'>spernens</span> <span class='ocrx_word' id='word_1_47' title='bbox 1327 639 1516 681; x_wconf 88' lang='lat' dir='ltr'>vanitatem,</span> 
     </span>
     <span class='ocr_line' id='line_1_14' title="bbox 1047 687 1390 719; baseline 0.003 -1"><span class='ocrx_word' id='word_1_48' title='bbox 1047 687 1163 719; x_wconf 88' lang='lat' dir='ltr'>Procul</span> <span class='ocrx_word' id='word_1_49' title='bbox 1189 691 1277 718; x_wconf 90' lang='lat' dir='ltr'>arcet</span> <span class='ocrx_word' id='word_1_50' title='bbox 1303 687 1390 719; x_wconf 85' lang='lat' dir='ltr'>vitia.</span> 
     </span>
    </p>
   </div>
   <div class='ocr_carea' id='block_1_6' title="bbox 221 785 1491 829">
    <p class='ocr_par' dir='ltr' id='par_1_6' title="bbox 221 785 1491 829">
     <span class='ocr_line' id='line_1_15' title="bbox 221 785 1491 829; baseline 0.002 -12"><span class='ocrx_word' id='word_1_51' title='bbox 221 787 239 817; x_wconf 82' lang='lat'>3</span> <span class='ocrx_word' id='word_1_52' title='bbox 255 794 283 816; x_wconf 90' lang='lat' dir='ltr'>a.</span> <span class='ocrx_word' id='word_1_53' title='bbox 317 785 403 816; x_wconf 87' lang='lat' dir='ltr'>Mira</span> <span class='ocrx_word' id='word_1_54' title='bbox 428 794 486 826; x_wconf 89' lang='lat' dir='ltr'>per</span> <span class='ocrx_word' id='word_1_55' title='bbox 512 786 594 818; x_wconf 90' lang='lat' dir='ltr'>hunc</span> <span class='ocrx_word' id='word_1_56' title='bbox 620 791 771 827; x_wconf 84' lang='lat' dir='ltr'>operatur</span> <span class='ocrx_word' id='word_1_57' title='bbox 909 789 928 820; x_wconf 91' lang='lat'>3</span> <span class='ocrx_word' id='word_1_58' title='bbox 944 786 974 818; x_wconf 91' lang='lat' dir='ltr'>b.</span> <span class='ocrx_word' id='word_1_59' title='bbox 1007 787 1056 818; x_wconf 84' lang='lat' dir='ltr'>Ne</span> <span class='ocrx_word' id='word_1_60' title='bbox 1082 796 1140 827; x_wconf 87' lang='lat' dir='ltr'>per</span> <span class='ocrx_word' id='word_1_61' title='bbox 1166 788 1264 819; x_wconf 85' lang='lat' dir='ltr'>solem</span> <span class='ocrx_word' id='word_1_62' title='bbox 1292 788 1491 829; x_wconf 83' lang='lat' dir='ltr'>denigretur,</span> 
     </span>
    </p>
   </div>
   <div class='ocr_carea' id='block_1_7' title="bbox 314 833 780 920">
    <p class='ocr_par' dir='ltr' id='par_1_7' title="bbox 314 833 780 920">
     <span class='ocr_line' id='line_1_16' title="bbox 314 833 780 874; baseline 0.006 -11"><span class='ocrx_word' id='word_1_63' title='bbox 314 833 421 864; x_wconf 81' lang='lat' dir='ltr'>Virtus</span> <span class='ocrx_word' id='word_1_64' title='bbox 448 833 519 874; x_wconf 72' lang='lat' dir='ltr'>Dei,</span> <span class='ocrx_word' id='word_1_65' title='bbox 547 844 607 873; x_wconf 88' lang='lat' dir='ltr'>qua</span> <span class='ocrx_word' id='word_1_66' title='bbox 634 838 780 866; x_wconf 83' lang='lat' dir='ltr'>servatur</span> 
     </span>
     <span class='ocr_line' id='line_1_17' title="bbox 362 881 711 920; baseline 0.009 -9"><span class='ocrx_word' id='word_1_67' title='bbox 362 881 453 912; x_wconf 88' lang='lat' dir='ltr'>Mens</span> <span class='ocrx_word' id='word_1_68' title='bbox 480 882 546 913; x_wconf 83' lang='lat' dir='ltr'>eius</span> <span class='ocrx_word' id='word_1_69' title='bbox 572 882 711 920; x_wconf 72' lang='lat' dir='ltr'>innoxia,</span> 
     </span>
    </p>
   </div>
   <div class='ocr_carea' id='block_1_8' title="bbox 1002 835 1470 917">
    <p class='ocr_par' dir='ltr' id='par_1_8' title="bbox 1002 835 1470 917">
     <span class='ocr_line' id='line_1_18' title="bbox 1002 835 1470 878; baseline 0.002 -12"><span class='ocrx_word' id='word_1_70' title='bbox 1002 835 1066 867; x_wconf 85' lang='lat' dir='ltr'>Sed</span> <span class='ocrx_word' id='word_1_71' title='bbox 1094 836 1165 875; x_wconf 90' lang='lat' dir='ltr'>plus</span> <span class='ocrx_word' id='word_1_72' title='bbox 1191 836 1264 867; x_wconf 89' lang='lat' dir='ltr'>nive</span> <span class='ocrx_word' id='word_1_73' title='bbox 1291 835 1470 878; x_wconf 83' lang='lat' dir='ltr'>dealbetur,</span> 
     </span>
     <span class='ocr_line' id='line_1_19' title="bbox 1051 883 1442 917; baseline 0.005 -3"><span class='ocrx_word' id='word_1_74' title='bbox 1051 883 1175 915; x_wconf 88' lang='lat' dir='ltr'>Munda</span> <span class='ocrx_word' id='word_1_75' title='bbox 1201 884 1241 914; x_wconf 87' lang='lat' dir='ltr'>sit</span> <span class='ocrx_word' id='word_1_76' title='bbox 1266 888 1299 915; x_wconf 90' lang='lat' dir='ltr'>ut</span> <span class='ocrx_word' id='word_1_77' title='bbox 1325 883 1442 917; x_wconf 85' lang='lat' dir='ltr'>hostia.</span> 
     </span>
    </p>
   </div>
   <div class='ocr_carea' id='block_1_9' title="bbox 221 980 1515 1707">
    <p class='ocr_par' dir='ltr' id='par_1_9' title="bbox 221 980 1515 1166">
     <span class='ocr_line' id='line_1_20' title="bbox 221 980 1515 1025; baseline 0.003 -14"><span class='ocrx_word' id='word_1_78' title='bbox 221 982 241 1011; x_wconf 84' lang='lat'>4</span> <span class='ocrx_word' id='word_1_79' title='bbox 257 989 285 1012; x_wconf 84' lang='lat' dir='ltr'>a.</span> <span class='ocrx_word' id='word_1_80' title='bbox 319 980 380 1011; x_wconf 85' lang='lat' dir='ltr'>Vas</span> <span class='ocrx_word' id='word_1_81' title='bbox 407 980 604 1014; x_wconf 86' lang='lat' dir='ltr'>confractum</span> <span class='ocrx_word' id='word_1_82' title='bbox 631 986 800 1022; x_wconf 87' lang='lat' dir='ltr'>reparatur</span> <span class='ocrx_word' id='word_1_83' title='bbox 907 985 925 1016; x_wconf 85' lang='lat'>4</span> <span class='ocrx_word' id='word_1_84' title='bbox 943 983 973 1017; x_wconf 89' lang='lat' dir='ltr'>b.</span> <span class='ocrx_word' id='word_1_85' title='bbox 1005 983 1109 1023; x_wconf 89' lang='lat' dir='ltr'>Super</span> <span class='ocrx_word' id='word_1_86' title='bbox 1133 992 1231 1023; x_wconf 87' lang='lat' dir='ltr'>aquas</span> <span class='ocrx_word' id='word_1_87' title='bbox 1251 983 1384 1014; x_wconf 88' lang='lat' dir='ltr'>Maurus</span> <span class='ocrx_word' id='word_1_88' title='bbox 1411 984 1515 1025; x_wconf 84' lang='lat' dir='ltr'>vadit,</span> 
     </span>
     <span class='ocr_line' id='line_1_21' title="bbox 363 1028 1404 1072; baseline 0.003 -13"><span class='ocrx_word' id='word_1_89' title='bbox 363 1028 585 1068; x_wconf 82' lang='lat' dir='ltr'>Integrumque</span> <span class='ocrx_word' id='word_1_90' title='bbox 612 1029 779 1070; x_wconf 84' lang='lat' dir='ltr'>frangitur,</span> <span class='ocrx_word' id='word_1_91' title='bbox 1049 1031 1091 1063; x_wconf 85' lang='lat' dir='ltr'>Et</span> <span class='ocrx_word' id='word_1_92' title='bbox 1118 1040 1198 1071; x_wconf 88' lang='lat' dir='ltr'>puer</span> <span class='ocrx_word' id='word_1_93' title='bbox 1223 1031 1404 1072; x_wconf 83' lang='lat' dir='ltr'>emergitur,</span> 
     </span>
     <span class='ocr_line' id='line_1_22' title="bbox 318 1075 1475 1121; baseline 0.004 -16"><span class='ocrx_word' id='word_1_94' title='bbox 318 1075 414 1114; x_wconf 76' lang='lat' dir='ltr'>Virga</span> <span class='ocrx_word' id='word_1_95' title='bbox 441 1086 537 1116; x_wconf 80' lang='lat' dir='ltr'>vagus</span> <span class='ocrx_word' id='word_1_96' title='bbox 562 1082 759 1117; x_wconf 78' lang='lat' dir='ltr'>emendatur,</span> <span class='ocrx_word' id='word_1_97' title='bbox 1001 1079 1037 1110; x_wconf 91' lang='lat' dir='ltr'>In</span> <span class='ocrx_word' id='word_1_98' title='bbox 1061 1077 1219 1110; x_wconf 83' lang='lat' dir='ltr'>infernum</span> <span class='ocrx_word' id='word_1_99' title='bbox 1248 1082 1350 1110; x_wconf 89' lang='lat' dir='ltr'>morte</span> <span class='ocrx_word' id='word_1_100' title='bbox 1376 1079 1475 1121; x_wconf 86' lang='lat' dir='ltr'>cadit,</span> 
     </span>
     <span class='ocr_line' id='line_1_23' title="bbox 364 1123 1513 1166; baseline 0.004 -12"><span class='ocrx_word' id='word_1_101' title='bbox 364 1123 412 1154; x_wconf 90' lang='lat' dir='ltr'>De</span> <span class='ocrx_word' id='word_1_102' title='bbox 437 1133 515 1163; x_wconf 92' lang='lat' dir='ltr'>rupe</span> <span class='ocrx_word' id='word_1_103' title='bbox 542 1124 612 1156; x_wconf 83' lang='lat' dir='ltr'>fons</span> <span class='ocrx_word' id='word_1_104' title='bbox 639 1126 760 1164; x_wconf 86' lang='lat' dir='ltr'>oritur;</span> <span class='ocrx_word' id='word_1_105' title='bbox 1045 1127 1168 1158; x_wconf 87' lang='lat' dir='ltr'>Iustum</span> <span class='ocrx_word' id='word_1_106' title='bbox 1206 1127 1259 1166; x_wconf 90' lang='lat' dir='ltr'>qui</span> <span class='ocrx_word' id='word_1_107' title='bbox 1295 1127 1513 1166; x_wconf 89' lang='lat' dir='ltr'>persequitur.</span> 
     </span>
    </p>

    <p class='ocr_par' dir='ltr' id='par_1_10' title="bbox 221 1228 1512 1271">
     <span class='ocr_line' id='line_1_24' title="bbox 221 1228 1512 1271; baseline 0.003 -13"><span class='ocrx_word' id='word_1_108' title='bbox 221 1230 239 1259; x_wconf 87' lang='lat'>5</span> <span class='ocrx_word' id='word_1_109' title='bbox 256 1236 284 1259; x_wconf 89' lang='lat' dir='ltr'>a.</span> <span class='ocrx_word' id='word_1_110' title='bbox 317 1228 450 1259; x_wconf 67' lang='lat' dir='ltr'>Sanetus</span> <span class='ocrx_word' id='word_1_111' title='bbox 469 1229 572 1259; x_wconf 87' lang='lat' dir='ltr'>locum</span> <span class='ocrx_word' id='word_1_112' title='bbox 589 1233 662 1260; x_wconf 90' lang='lat' dir='ltr'>tunc</span> <span class='ocrx_word' id='word_1_113' title='bbox 676 1230 821 1271; x_wconf 85' lang='lat' dir='ltr'>mutavit,</span> <span class='ocrx_word' id='word_1_114' title='bbox 909 1233 927 1262; x_wconf 86' lang='lat'>5</span> <span class='ocrx_word' id='word_1_115' title='bbox 943 1229 974 1261; x_wconf 92' lang='lat' dir='ltr'>b.</span> <span class='ocrx_word' id='word_1_116' title='bbox 1002 1231 1158 1270; x_wconf 88' lang='lat' dir='ltr'>Quantum</span> <span class='ocrx_word' id='word_1_117' title='bbox 1195 1229 1286 1261; x_wconf 87' lang='lat' dir='ltr'>bonis</span> <span class='ocrx_word' id='word_1_118' title='bbox 1312 1231 1353 1262; x_wconf 89' lang='lat' dir='ltr'>sit</span> <span class='ocrx_word' id='word_1_119' title='bbox 1380 1229 1512 1271; x_wconf 87' lang='lat' dir='ltr'>infesta,</span> 
     </span>
    </p>

    <p class='ocr_par' dir='ltr' id='par_1_11' title="bbox 317 1275 1513 1362">
     <span class='ocr_line' id='line_1_25' title="bbox 317 1275 1513 1317; baseline 0.004 -11"><span class='ocrx_word' id='word_1_120' title='bbox 317 1275 379 1306; x_wconf 86' lang='lat' dir='ltr'>Sed</span> <span class='ocrx_word' id='word_1_121' title='bbox 406 1279 435 1306; x_wconf 89' lang='lat' dir='ltr'>et</span> <span class='ocrx_word' id='word_1_122' title='bbox 462 1275 506 1306; x_wconf 88' lang='lat' dir='ltr'>ibi</span> <span class='ocrx_word' id='word_1_123' title='bbox 533 1277 751 1315; x_wconf 88' lang='lat' dir='ltr'>comprobavit</span> <span class='ocrx_word' id='word_1_124' title='bbox 1003 1277 1123 1316; x_wconf 86' lang='lat' dir='ltr'>Quibus</span> <span class='ocrx_word' id='word_1_125' title='bbox 1156 1278 1263 1317; x_wconf 86' lang='lat' dir='ltr'>placet</span> <span class='ocrx_word' id='word_1_126' title='bbox 1297 1279 1349 1310; x_wconf 88' lang='lat' dir='ltr'>hic</span> <span class='ocrx_word' id='word_1_127' title='bbox 1377 1279 1513 1311; x_wconf 86' lang='lat' dir='ltr'>honesta</span> 
     </span>
     <span class='ocr_line' id='line_1_26' title="bbox 366 1323 1379 1362; baseline 0.004 -8"><span class='ocrx_word' id='word_1_128' title='bbox 366 1323 476 1354; x_wconf 85' lang='lat' dir='ltr'>Hostis</span> <span class='ocrx_word' id='word_1_129' title='bbox 502 1325 682 1362; x_wconf 77' lang='lat' dir='ltr'>aemulatio,</span> <span class='ocrx_word' id='word_1_130' title='bbox 1051 1325 1143 1356; x_wconf 84' lang='lat' dir='ltr'>Vitae</span> <span class='ocrx_word' id='word_1_131' title='bbox 1169 1326 1379 1360; x_wconf 85' lang='lat' dir='ltr'>conversatio.</span> 
     </span>
    </p>

    <p class='ocr_par' dir='ltr' id='par_1_12' title="bbox 225 1422 1515 1559">
     <span class='ocr_line' id='line_1_27' title="bbox 225 1422 1456 1467; baseline 0.004 -14"><span class='ocrx_word' id='word_1_132' title='bbox 225 1423 244 1454; x_wconf 89' lang='grc'>6</span> <span class='ocrx_word' id='word_1_133' title='bbox 260 1431 289 1453; x_wconf 93' lang='lat' dir='ltr'>a.</span> <span class='ocrx_word' id='word_1_134' title='bbox 322 1422 471 1453; x_wconf 87' lang='lat' dir='ltr'>Saeviore</span> <span class='ocrx_word' id='word_1_135' title='bbox 497 1423 615 1463; x_wconf 89' lang='lat' dir='ltr'>quippe</span> <span class='ocrx_word' id='word_1_136' title='bbox 641 1424 708 1454; x_wconf 86' lang='lat' dir='ltr'>zelo</span> <span class='ocrx_word' id='word_1_137' title='bbox 910 1426 929 1457; x_wconf 89' lang='lat'><strong>6</strong></span> <span class='ocrx_word' id='word_1_138' title='bbox 945 1424 975 1458; x_wconf 94' lang='lat' dir='ltr'>b.</span> <span class='ocrx_word' id='word_1_139' title='bbox 1008 1424 1070 1456; x_wconf 91' lang='lat' dir='ltr'>Sed</span> <span class='ocrx_word' id='word_1_140' title='bbox 1096 1425 1135 1456; x_wconf 88' lang='lat' dir='ltr'>ab</span> <span class='ocrx_word' id='word_1_141' title='bbox 1163 1434 1200 1456; x_wconf 90' lang='lat' dir='ltr'>eo</span> <span class='ocrx_word' id='word_1_142' title='bbox 1227 1425 1313 1457; x_wconf 84' lang='lat' dir='ltr'>cadit</span> <span class='ocrx_word' id='word_1_143' title='bbox 1340 1427 1456 1467; x_wconf 82' lang='lat' dir='ltr'>victus,</span> 
     </span>
     <span class='ocr_line' id='line_1_28' title="bbox 321 1470 1472 1515; baseline 0.005 -15"><span class='ocrx_word' id='word_1_144' title='bbox 321 1470 435 1501; x_wconf 85' lang='lat' dir='ltr'>Pulsus</span> <span class='ocrx_word' id='word_1_145' title='bbox 459 1471 528 1512; x_wconf 83' lang='lat' dir='ltr'>ipse</span> <span class='ocrx_word' id='word_1_146' title='bbox 555 1471 673 1502; x_wconf 88' lang='lat' dir='ltr'>dudum</span> <span class='ocrx_word' id='word_1_147' title='bbox 701 1472 789 1503; x_wconf 88' lang='lat' dir='ltr'>caelo</span> <span class='ocrx_word' id='word_1_148' title='bbox 1002 1473 1046 1504; x_wconf 86' lang='lat' dir='ltr'>Et</span> <span class='ocrx_word' id='word_1_149' title='bbox 1071 1473 1121 1504; x_wconf 90' lang='lat' dir='ltr'>vir</span> <span class='ocrx_word' id='word_1_150' title='bbox 1148 1473 1207 1504; x_wconf 88' lang='lat' dir='ltr'>Dei</span> <span class='ocrx_word' id='word_1_151' title='bbox 1233 1477 1297 1505; x_wconf 90' lang='lat' dir='ltr'>stat</span> <span class='ocrx_word' id='word_1_152' title='bbox 1321 1474 1472 1515; x_wconf 84' lang='lat' dir='ltr'>invictus,</span> 
     </span>
     <span class='ocr_line' id='line_1_29' title="bbox 318 1517 1515 1559; baseline 0.005 -11"><span class='ocrx_word' id='word_1_153' title='bbox 318 1517 493 1549; x_wconf 78' lang='lat' dir='ltr'>vulnerare</span> <span class='ocrx_word' id='word_1_154' title='bbox 519 1519 630 1550; x_wconf 88' lang='lat' dir='ltr'>mortis</span> <span class='ocrx_word' id='word_1_155' title='bbox 657 1519 721 1550; x_wconf 89' lang='lat' dir='ltr'>telo</span> <span class='ocrx_word' id='word_1_156' title='bbox 1006 1520 1105 1559; x_wconf 87' lang='lat' dir='ltr'>Quem</span> <span class='ocrx_word' id='word_1_157' title='bbox 1131 1521 1286 1552; x_wconf 87' lang='lat' dir='ltr'>adversus</span> <span class='ocrx_word' id='word_1_158' title='bbox 1308 1522 1410 1554; x_wconf 87' lang='lat' dir='ltr'>hostis</span> <span class='ocrx_word' id='word_1_159' title='bbox 1430 1523 1515 1554; x_wconf 86' lang='lat' dir='ltr'>ictus</span> 
     </span>
    </p>

    <p class='ocr_par' dir='ltr' id='par_1_13' title="bbox 222 1565 1478 1707">
     <span class='ocr_line' id='line_1_30' title="bbox 365 1565 1385 1608; baseline 0.006 -12"><span class='ocrx_word' id='word_1_160' title='bbox 365 1565 423 1597; x_wconf 82' lang='lat' dir='ltr'>Pia</span> <span class='ocrx_word' id='word_1_161' title='bbox 447 1567 572 1606; x_wconf 86' lang='lat' dir='ltr'>quaerit</span> <span class='ocrx_word' id='word_1_162' title='bbox 599 1568 732 1600; x_wconf 86' lang='lat' dir='ltr'>viscera.</span> <span class='ocrx_word' id='word_1_163' title='bbox 1050 1568 1110 1599; x_wconf 90' lang='lat' dir='ltr'>Dei</span> <span class='ocrx_word' id='word_1_164' title='bbox 1137 1569 1214 1608; x_wconf 86' lang='lat' dir='ltr'>tegit</span> <span class='ocrx_word' id='word_1_165' title='bbox 1242 1569 1385 1604; x_wconf 86' lang='lat' dir='ltr'>dextera.</span> 
     </span>
     <span class='ocr_line' id='line_1_31' title="bbox 222 1653 1478 1707; baseline 0.006 -12"><span class='ocrx_word' id='word_1_166' title='bbox 222 1665 239 1696; x_wconf 84' lang='lat'><strong>7</strong></span> <span class='ocrx_word' id='word_1_167' title='bbox 256 1674 285 1697; x_wconf 92' lang='lat' dir='ltr'>a.</span> <span class='ocrx_word' id='word_1_168' title='bbox 316 1665 365 1696; x_wconf 91' lang='lat' dir='ltr'>De</span> <span class='ocrx_word' id='word_1_169' title='bbox 392 1664 506 1697; x_wconf 83' lang='lat' dir='ltr'>futuris</span> <span class='ocrx_word' id='word_1_170' title='bbox 532 1667 736 1707; x_wconf 88' lang='lat' dir='ltr'>prophetavit</span> <span class='ocrx_word' id='word_1_171' title='bbox 910 1669 927 1700; x_wconf 88' lang='lat'>7</span> <span class='ocrx_word' id='word_1_172' title='bbox 943 1668 973 1700; x_wconf 89' lang='lat' dir='ltr'>b.</span> <span class='ocrx_word' id='word_1_173' title='bbox 1005 1669 1084 1700; x_wconf 86' lang='lat' dir='ltr'>visu</span> <span class='ocrx_word' id='word_1_174' title='bbox 1110 1653 1224 1700; x_wconf 82' lang='lat' dir='ltr'>mentis</span> <span class='ocrx_word' id='word_1_175' title='bbox 1250 1669 1304 1700; x_wconf 83' lang='lat' dir='ltr'>hic</span> <span class='ocrx_word' id='word_1_176' title='bbox 1328 1669 1478 1703; x_wconf 83' lang='lat' dir='ltr'>absentes</span> 
     </span>
    </p>
   </div>
   <div class='ocr_carea' id='block_1_10' title="bbox 221 1912 286 1944">
    <p class='ocr_par' dir='ltr' id='par_1_14' title="bbox 221 1912 286 1944">
     <span class='ocr_line' id='line_1_32' title="bbox 221 1912 286 1944; baseline 0 0"><span class='ocrx_word' id='word_1_177' title='bbox 221 1912 286 1944; x_wconf 84' lang='lat' dir='ltr'>8a.</span> 
     </span>
    </p>
   </div>
   <div class='ocr_carea' id='block_1_11' title="bbox 193 2456 269 2476">
    <p class='ocr_par' dir='ltr' id='par_1_15' title="bbox 193 2456 269 2476">
     <span class='ocr_line' id='line_1_33' title="bbox 193 2456 269 2476; baseline 0 -1"><span class='ocrx_word' id='word_1_178' title='bbox 193 2456 269 2476; x_wconf 73' lang='lat' dir='ltr'>saec.</span> 
     </span>
    </p>
   </div>
   <div class='ocr_carea' id='block_1_12' title="bbox 316 1713 822 1847">
    <p class='ocr_par' dir='ltr' id='par_1_16' title="bbox 316 1713 822 1847">
     <span class='ocr_line' id='line_1_34' title="bbox 316 1713 714 1753; baseline 0.005 -10"><span class='ocrx_word' id='word_1_179' title='bbox 316 1713 357 1744; x_wconf 89' lang='lat' dir='ltr'>Et</span> <span class='ocrx_word' id='word_1_180' title='bbox 384 1717 520 1752; x_wconf 72' lang='lat' dir='ltr'>tyranno</span> <span class='ocrx_word' id='word_1_181' title='bbox 546 1714 714 1753; x_wconf 84' lang='lat' dir='ltr'>nuntiavit,</span> 
     </span>
     <span class='ocr_line' id='line_1_35' title="bbox 318 1760 822 1802; baseline 0.006 -11"><span class='ocrx_word' id='word_1_182' title='bbox 318 1760 379 1791; x_wconf 91' lang='lat' dir='ltr'>Pro</span> <span class='ocrx_word' id='word_1_183' title='bbox 397 1770 486 1800; x_wconf 77' lang='lat' dir='ltr'>pace,</span> <span class='ocrx_word' id='word_1_184' title='bbox 502 1771 595 1801; x_wconf 90' lang='lat' dir='ltr'>quam</span> <span class='ocrx_word' id='word_1_185' title='bbox 610 1762 822 1802; x_wconf 84' lang='lat' dir='ltr'>perturbavit,</span> 
     </span>
     <span class='ocr_line' id='line_1_36' title="bbox 363 1809 734 1847; baseline 0.003 -8"><span class='ocrx_word' id='word_1_186' title='bbox 363 1809 450 1847; x_wconf 83' lang='lat' dir='ltr'>Quae</span> <span class='ocrx_word' id='word_1_187' title='bbox 476 1814 618 1840; x_wconf 89' lang='lat' dir='ltr'>maneret</span> <span class='ocrx_word' id='word_1_188' title='bbox 644 1810 734 1841; x_wconf 89' lang='lat' dir='ltr'>ultio.</span> 
     </span>
    </p>
   </div>
   <div class='ocr_carea' id='block_1_13' title="bbox 316 1913 786 2092">
    <p class='ocr_par' dir='ltr' id='par_1_17' title="bbox 316 1913 786 2092">
     <span class='ocr_line' id='line_1_37' title="bbox 322 1913 726 1954; baseline 0.007 -11"><span class='ocrx_word' id='word_1_189' title='bbox 322 1913 406 1944; x_wconf 90' lang='lat' dir='ltr'>Puer</span> <span class='ocrx_word' id='word_1_190' title='bbox 432 1914 515 1945; x_wconf 89' lang='lat' dir='ltr'>vitae</span> <span class='ocrx_word' id='word_1_191' title='bbox 542 1914 726 1954; x_wconf 71' lang='lat' dir='ltr'>redonatur,</span> 
     </span>
     <span class='ocr_line' id='line_1_38' title="bbox 366 1960 725 2001; baseline 0.003 -9"><span class='ocrx_word' id='word_1_192' title='bbox 366 1960 553 2001; x_wconf 88' lang='lat' dir='ltr'>Sororisque</span> <span class='ocrx_word' id='word_1_193' title='bbox 578 1963 725 2001; x_wconf 87' lang='lat' dir='ltr'>spiritum</span> 
     </span>
     <span class='ocr_line' id='line_1_39' title="bbox 316 2008 786 2050; baseline 0.006 -11"><span class='ocrx_word' id='word_1_194' title='bbox 316 2008 353 2039; x_wconf 89' lang='lat' dir='ltr'>In</span> <span class='ocrx_word' id='word_1_195' title='bbox 380 2009 526 2041; x_wconf 88' lang='lat' dir='ltr'>columba</span> <span class='ocrx_word' id='word_1_196' title='bbox 553 2011 786 2050; x_wconf 88' lang='lat' dir='ltr'>contemplatur</span> 
     </span>
     <span class='ocr_line' id='line_1_40' title="bbox 364 2056 735 2092; baseline 0.011 -5"><span class='ocrx_word' id='word_1_197' title='bbox 364 2056 432 2088; x_wconf 90' lang='lat' dir='ltr'>Deo</span> <span class='ocrx_word' id='word_1_198' title='bbox 459 2057 538 2088; x_wconf 84' lang='lat' dir='ltr'>caeli</span> <span class='ocrx_word' id='word_1_199' title='bbox 564 2058 735 2092; x_wconf 85' lang='lat' dir='ltr'>redditum.</span> 
     </span>
    </p>
   </div>
   <div class='ocr_carea' id='block_1_14' title="bbox 277 2159 747 2340">
    <p class='ocr_par' dir='ltr' id='par_1_18' title="bbox 277 2159 747 2340">
     <span class='ocr_line' id='line_1_41' title="bbox 277 2159 747 2200; baseline 0.004 -9"><span class='ocrx_word' id='word_1_200' title='bbox 277 2185 284 2191; x_wconf 92' lang='lat'><em>.</em></span> <span class='ocrx_word' id='word_1_201' title='bbox 316 2159 382 2191; x_wconf 89' lang='lat' dir='ltr'>Nos</span> <span class='ocrx_word' id='word_1_202' title='bbox 409 2169 486 2200; x_wconf 86' lang='lat' dir='ltr'>grex</span> <span class='ocrx_word' id='word_1_203' title='bbox 513 2161 579 2192; x_wconf 89' lang='lat' dir='ltr'>eius</span> <span class='ocrx_word' id='word_1_204' title='bbox 607 2160 747 2193; x_wconf 90' lang='lat' dir='ltr'>familiae</span> 
     </span>
     <span class='ocr_line' id='line_1_42' title="bbox 316 2207 669 2241; baseline 0.006 -2"><span class='ocrx_word' id='word_1_205' title='bbox 316 2207 411 2239; x_wconf 90' lang='lat' dir='ltr'>Tanti</span> <span class='ocrx_word' id='word_1_206' title='bbox 439 2209 528 2240; x_wconf 89' lang='lat' dir='ltr'>ducis</span> <span class='ocrx_word' id='word_1_207' title='bbox 554 2209 669 2241; x_wconf 90' lang='lat' dir='ltr'>itinere</span> 
     </span>
     <span class='ocr_line' id='line_1_43' title="bbox 315 2256 746 2299; baseline 0.007 -12"><span class='ocrx_word' id='word_1_208' title='bbox 315 2256 469 2288; x_wconf 86' lang='lat' dir='ltr'>Caelestis</span> <span class='ocrx_word' id='word_1_209' title='bbox 495 2258 599 2289; x_wconf 88' lang='lat' dir='ltr'>aulam</span> <span class='ocrx_word' id='word_1_210' title='bbox 625 2258 746 2299; x_wconf 84' lang='lat' dir='ltr'>gloriae</span> 
     </span>
     <span class='ocr_line' id='line_1_44' title="bbox 318 2304 719 2340; baseline 0.005 -3"><span class='ocrx_word' id='word_1_211' title='bbox 318 2304 508 2337; x_wconf 87' lang='lat' dir='ltr'>Studeamus</span> <span class='ocrx_word' id='word_1_212' title='bbox 534 2306 719 2340; x_wconf 86' lang='lat' dir='ltr'>ascendere.</span> 
     </span>
    </p>
   </div>
   <div class='ocr_carea' id='block_1_15' title="bbox 907 1916 971 1949">
    <p class='ocr_par' dir='ltr' id='par_1_19' title="bbox 907 1916 971 1949">
     <span class='ocr_line' id='line_1_45' title="bbox 907 1916 971 1949; baseline 0 -1"><span class='ocrx_word' id='word_1_213' title='bbox 907 1916 971 1949; x_wconf 81' lang='lat' dir='ltr'>Sb.</span> 
     </span>
    </p>
   </div>
   <div class='ocr_carea' id='block_1_16' title="bbox 909 2164 977 2198">
    <p class='ocr_par' dir='ltr' id='par_1_20' title="bbox 909 2164 977 2198">
     <span class='ocr_line' id='line_1_46' title="bbox 909 2164 977 2198; baseline -0.015 0"><span class='ocrx_word' id='word_1_214' title='bbox 909 2164 977 2198; x_wconf 86' lang='lat' dir='ltr'>9b.</span> 
     </span>
    </p>
   </div>
   <div class='ocr_carea' id='block_1_17' title="bbox 1002 1717 1515 1852">
    <p class='ocr_par' dir='ltr' id='par_1_21' title="bbox 1002 1717 1515 1852">
     <span class='ocr_line' id='line_1_47' title="bbox 1003 1717 1429 1760; baseline 0.007 -13"><span class='ocrx_word' id='word_1_215' title='bbox 1003 1717 1149 1748; x_wconf 85' lang='lat' dir='ltr'>Intuetur</span> <span class='ocrx_word' id='word_1_216' title='bbox 1175 1721 1208 1748; x_wconf 90' lang='lat' dir='ltr'>ut</span> <span class='ocrx_word' id='word_1_217' title='bbox 1233 1723 1429 1760; x_wconf 86' lang='lat' dir='ltr'>praesentes,</span> 
     </span>
     <span class='ocr_line' id='line_1_48' title="bbox 1002 1763 1515 1810; baseline 0.008 -15"><span class='ocrx_word' id='word_1_218' title='bbox 1002 1763 1103 1795; x_wconf 83' lang='lat' dir='ltr'>Notat</span> <span class='ocrx_word' id='word_1_219' title='bbox 1128 1768 1229 1805; x_wconf 82' lang='lat' dir='ltr'>actus,</span> <span class='ocrx_word' id='word_1_220' title='bbox 1261 1770 1351 1797; x_wconf 82' lang='lat' dir='ltr'>notat</span> <span class='ocrx_word' id='word_1_221' title='bbox 1376 1771 1515 1810; x_wconf 87' lang='lat' dir='ltr'>mentes,</span> 
     </span>
     <span class='ocr_line' id='line_1_49' title="bbox 1049 1811 1345 1852; baseline 0.014 -10"><span class='ocrx_word' id='word_1_222' title='bbox 1049 1811 1189 1852; x_wconf 85' lang='lat' dir='ltr'>Spiritus</span> <span class='ocrx_word' id='word_1_223' title='bbox 1214 1812 1345 1846; x_wconf 92' lang='lat' dir='ltr'>indicio.</span> 
     </span>
    </p>
   </div>
   <div class='ocr_carea' id='block_1_18' title="bbox 1001 1917 1446 2096">
    <p class='ocr_par' dir='ltr' id='par_1_22' title="bbox 1001 1917 1446 2096">
     <span class='ocr_line' id='line_1_50' title="bbox 1003 1917 1410 1957; baseline 0.007 -9"><span class='ocrx_word' id='word_1_224' title='bbox 1003 1917 1077 1957; x_wconf 89' lang='lat' dir='ltr'>Ipse</span> <span class='ocrx_word' id='word_1_225' title='bbox 1103 1918 1232 1949; x_wconf 89' lang='lat' dir='ltr'>tandem</span> <span class='ocrx_word' id='word_1_226' title='bbox 1259 1924 1410 1951; x_wconf 82' lang='lat' dir='ltr'>evocatur</span> 
     </span>
     <span class='ocr_line' id='line_1_51' title="bbox 1048 1965 1387 2006; baseline 0.009 -10"><span class='ocrx_word' id='word_1_227' title='bbox 1048 1965 1101 1996; x_wconf 86' lang='lat' dir='ltr'>Ad</span> <span class='ocrx_word' id='word_1_228' title='bbox 1127 1966 1207 1997; x_wconf 90' lang='lat' dir='ltr'>caeli</span> <span class='ocrx_word' id='word_1_229' title='bbox 1234 1967 1387 2006; x_wconf 87' lang='lat' dir='ltr'>palatium</span> 
     </span>
     <span class='ocr_line' id='line_1_52' title="bbox 1001 2012 1446 2049; baseline 0.011 -5"><span class='ocrx_word' id='word_1_230' title='bbox 1001 2012 1045 2044; x_wconf 84' lang='lat' dir='ltr'>Et</span> <span class='ocrx_word' id='word_1_231' title='bbox 1070 2022 1089 2044; x_wconf 94' lang='lat' dir='ltr'>a</span> <span class='ocrx_word' id='word_1_232' title='bbox 1115 2014 1243 2047; x_wconf 85' lang='lat' dir='ltr'>Christo</span> <span class='ocrx_word' id='word_1_233' title='bbox 1266 2016 1446 2049; x_wconf 88' lang='lat' dir='ltr'>collocatur</span> 
     </span>
     <span class='ocr_line' id='line_1_53' title="bbox 1049 2061 1366 2096; baseline 0.013 -4"><span class='ocrx_word' id='word_1_234' title='bbox 1049 2061 1086 2092; x_wconf 89' lang='lat' dir='ltr'>ln</span> <span class='ocrx_word' id='word_1_235' title='bbox 1112 2062 1188 2094; x_wconf 85' lang='lat' dir='ltr'>sede</span> <span class='ocrx_word' id='word_1_236' title='bbox 1214 2061 1366 2096; x_wconf 84' lang='lat' dir='ltr'>felicium.</span> 
     </span>
    </p>
   </div>
   <div class='ocr_carea' id='block_1_19' title="bbox 1003 2166 1472 2353">
    <p class='ocr_par' dir='ltr' id='par_1_23' title="bbox 1003 2166 1472 2304">
     <span class='ocr_line' id='line_1_54' title="bbox 1009 2166 1472 2213; baseline 0.015 -17"><span class='ocrx_word' id='word_1_237' title='bbox 1009 2166 1094 2205; x_wconf 84' lang='lat' dir='ltr'>Quos</span> <span class='ocrx_word' id='word_1_238' title='bbox 1120 2167 1186 2198; x_wconf 87' lang='lat' dir='ltr'>suis</span> <span class='ocrx_word' id='word_1_239' title='bbox 1212 2167 1306 2199; x_wconf 88' lang='lat' dir='ltr'>docet</span> <span class='ocrx_word' id='word_1_240' title='bbox 1331 2170 1472 2213; x_wconf 88' lang='lat' dir='ltr'>monitis,</span> 
     </span>
     <span class='ocr_line' id='line_1_55' title="bbox 1003 2213 1464 2261; baseline 0.013 -16"><span class='ocrx_word' id='word_1_241' title='bbox 1003 2213 1072 2245; x_wconf 86' lang='lat' dir='ltr'>Hos</span> <span class='ocrx_word' id='word_1_242' title='bbox 1098 2219 1246 2255; x_wconf 86' lang='lat' dir='ltr'>protegat</span> <span class='ocrx_word' id='word_1_243' title='bbox 1273 2221 1303 2248; x_wconf 90' lang='lat' dir='ltr'>et</span> <span class='ocrx_word' id='word_1_244' title='bbox 1329 2218 1464 2261; x_wconf 89' lang='lat' dir='ltr'>meritis,</span> 
     </span>
     <span class='ocr_line' id='line_1_56' title="bbox 1003 2261 1336 2304; baseline 0.009 -10"><span class='ocrx_word' id='word_1_245' title='bbox 1003 2261 1047 2294; x_wconf 89' lang='lat' dir='ltr'>Ut</span> <span class='ocrx_word' id='word_1_246' title='bbox 1072 2262 1160 2294; x_wconf 92' lang='lat' dir='ltr'>illius</span> <span class='ocrx_word' id='word_1_247' title='bbox 1185 2263 1336 2304; x_wconf 84' lang='lat' dir='ltr'>suffragio</span> 
     </span>
    </p>

    <p class='ocr_par' dir='ltr' id='par_1_24' title="bbox 1006 2309 1416 2353">
     <span class='ocr_line' id='line_1_57' title="bbox 1006 2309 1416 2353; baseline 0.01 -11"><span class='ocrx_word' id='word_1_248' title='bbox 1006 2310 1095 2343; x_wconf 85' lang='lat' dir='ltr'>Caeli</span> <span class='ocrx_word' id='word_1_249' title='bbox 1121 2309 1264 2344; x_wconf 85' lang='lat' dir='ltr'>fruamur</span> <span class='ocrx_word' id='word_1_250' title='bbox 1289 2313 1416 2353; x_wconf 86' lang='lat' dir='ltr'>gaudio.</span> 
     </span>
    </p>
   </div>
   <div class='ocr_carea' id='block_1_20' title="bbox 273 2409 1516 2450">
    <p class='ocr_par' dir='ltr' id='par_1_25' title="bbox 273 2409 1516 2450">
     <span class='ocr_line' id='line_1_58' title="bbox 273 2409 1516 2450; baseline 0.01 -14"><span class='ocrx_word' id='word_1_251' title='bbox 273 2409 394 2439; x_wconf 84' lang='lat' dir='ltr'>Collect.</span> <span class='ocrx_word' id='word_1_252' title='bbox 420 2419 473 2437; x_wconf 91' lang='lat' dir='ltr'>ms.</span> <span class='ocrx_word' id='word_1_253' title='bbox 497 2411 527 2438; x_wconf 90' lang='lat' dir='ltr'>S.</span> <span class='ocrx_word' id='word_1_254' title='bbox 548 2411 636 2448; x_wconf 88' lang='lat' dir='ltr'>Lupi.</span> <span class='ocrx_word' id='word_1_255' title='bbox 661 2412 781 2440; x_wconf 84' lang='lat' dir='ltr'>Trecen.</span> <span class='ocrx_word' id='word_1_256' title='bbox 811 2421 887 2441; x_wconf 81' lang='lat' dir='ltr'>saec.</span> <span class='ocrx_word' id='word_1_257' title='bbox 917 2411 952 2442; x_wconf 92' lang='lat'>10</span> <span class='ocrx_word' id='word_1_258' title='bbox 977 2418 1006 2442; x_wconf 87' lang='lat' dir='ltr'>et</span> <span class='ocrx_word' id='word_1_259' title='bbox 1035 2414 1079 2444; x_wconf 91' lang='lat'>11.</span> <span class='ocrx_word' id='word_1_260' title='bbox 1104 2414 1173 2444; x_wconf 89' lang='lat' dir='ltr'>Cod.</span> <span class='ocrx_word' id='word_1_261' title='bbox 1195 2418 1315 2446; x_wconf 80' lang='lat' dir='ltr'>Treoen.</span> <span class='ocrx_word' id='word_1_262' title='bbox 1339 2418 1422 2448; x_wconf 83' lang='lat'>1170.</span> <span class='ocrx_word' id='word_1_263' title='bbox 1449 2421 1516 2450; x_wconf 81' lang='lat' dir='ltr'>add.</span> 
     </span>
    </p>
   </div>
   <div class='ocr_carea' id='block_1_21' title="bbox 294 2446 590 2477">
    <p class='ocr_par' dir='ltr' id='par_1_26' title="bbox 294 2446 590 2477">
     <span class='ocr_line' id='line_1_59' title="bbox 294 2446 590 2477; baseline 0.007 -2"><span class='ocrx_word' id='word_1_264' title='bbox 294 2446 336 2475; x_wconf 89' lang='lat'>13.</span> <span class='ocrx_word' id='word_1_265' title='bbox 378 2449 434 2476; x_wconf 82' lang='lat' dir='ltr'>Mit</span> <span class='ocrx_word' id='word_1_266' title='bbox 453 2449 590 2477; x_wconf 83' lang='lat' dir='ltr'>Melodie.</span> 
     </span>
    </p>
   </div>
  </div>
 </body>
</html>
