1655 2713
673 130 931 166 -225—

464 260 527 292 251.
568 261 610 292 De
631 270 672 293 ss.
693 262 858 304 Monulpho
880 265 912 295 et
933 263 1125 304 (landulpho.

543 352 574 385 1.
601 351 790 385 Sanctorum
815 354 994 386 antistitum

601 399 792 433 Recolamus
818 402 967 434 meritum

660 449 697 480 In
723 449 849 490 hymnis
875 453 909 481 et
933 451 1094 484 laudibus,

159 531 222 562 2a.
253 530 328 562 Viri
354 529 424 562 Deo
451 531 553 563 dediti
856 535 918 569 2b.
952 537 1015 568 Per
1040 537 1137 568 vitam
1165 537 1359 569 laudabilem

254 577 475 617 Refulserunt,
504 579 584 611 editi
951 584 1061 616 Ortum
1089 595 1178 617 suum
1205 585 1343 617 nobilem

304 626 354 658 De
379 627 490 659 mundi
516 628 690 667 prioribus.
999 632 1203 664 Ornaverunt
1225 634 1377 666 moribus,

157 715 217 747 3a.
253 713 438 745 Venerandi
464 715 641 754 praesules,
855 717 916 751 3b.
950 718 1049 749 Verbi
1077 719 1189 750 dantes
1216 719 1366 759 pabulum

253 761 358 794 Aulae
383 761 445 793 Dei
472 763 620 794 consules
952 764 1173 798 Informabant
1201 768 1353 807 populum

301 810 347 841 Et
372 819 547 850 praecones
573 811 701 852 iudicis,
998 814 1164 854 Exemplis
1191 816 1379 855 magnificis.

158 898 220 929 4a.
251 896 431 929 studebant
461 897 604 928 inserere
850 899 916 932 4b.
949 900 1045 932 Plebs
1072 902 1185 932 edocta
1212 902 1345 932 caelitus

252 945 367 977 Fidem
395 949 427 976 et
453 945 593 977 evellere
946 949 1039 981 Dono
1067 950 1167 979 sancti
1196 950 1328 988 spiritus

250 993 397 1033 Spiritali
425 1002 552 1024 vomere
946 997 1040 1027 Hosti
1068 997 1189 1027 claudit
1215 997 1321 1028 aditus

276 1041 403 1075 Cultum
431 1041 612 1075 idolatriae.
995 1044 1077 1075 Suae
1104 1045 1262 1084 quondam
1290 1046 1428 1084 patriae.

156 1131 216 1162 58.
248 1127 407 1168 Operibus
434 1127 659 1169 ostendebant,
851 1129 913 1162 5b.
946 1130 1040 1161 Miris
1067 1131 1165 1170 signis
1193 1130 1400 1170 effulgebant,

253 1176 333 1216 Quia
360 1185 436 1207 vere
463 1176 641 1217 diligebant
948 1178 1147 1210 Caelestibus
1174 1179 1385 1210 inhaerebant

296 1225 400 1256 Iesum
429 1233 527 1264 super
553 1225 677 1266 omnia3
994 1227 1104 1258 Mente
1131 1227 1210 1258 bene
1238 1228 1374 1261 conscia.

152 1315 212 1346 Ga.
245 1312 298 1345 Ab
325 1312 385 1343 hac
412 1312 482 1343 luce
511 1316 703 1353 separantur
850 1313 914 1347 eb.
947 1314 1092 1353 Corpora
1117 1318 1189 1345 sunt
1219 1315 1298 1348 haec
1325 1315 1419 1347 beata

249 1361 292 1393 Et
317 1371 336 1392 a
363 1360 492 1392 Christo
516 1364 709 1392 coronantur
946 1362 1092 1394 Servatio
1119 1364 1250 1401 sociata,

296 1409 437 1450 Operum
464 1417 523 1448 per
547 1410 673 1441 merita.
995 1410 1059 1442 Sed
1086 1410 1206 1443 honore
1232 1411 1373 1444 subdita.

155 1498 215 1530 7a.
247 1496 424 1535 Servatius‚
452 1497 502 1528 vir
528 1497 696 1538 propheta,
852 1497 912 1530 7b.
944 1499 1001 1530 Isti
1030 1498 1112 1530 duae
1138 1502 1209 1530 sunt
1236 1499 1350 1539 olivae,

248 1545 368 1577 Noster
395 1544 488 1577 fortis
514 1549 562 1577 est
592 1545 727 1586 athleta,
945 1546 1149 1578 Candelabra
1175 1547 1255 1578 lucis
1282 1548 1387 1585 divae,

298 1594 357 1632 Qui
385 1594 493 1625 dando
520 1593 675 1625 beneficia
992 1594 1088 1626 Velut
1114 1604 1206 1626 rosae
1232 1596 1282 1626 vel
1308 1596 1377 1627 lilia

297 1642 455 1674 Mundum
490 1642 594 1682 replet
619 1641 761 1682 laetitia3
991 1643 1150 1675 Redolent
1176 1644 1209 1674 in
1236 1644 1381 1676 ecelesia.

151 1728 211 1760 8a.
242 1729 466 1769 OMonulphe‚
482 1738 552 1760 cum
563 1729 758 1770 Gondulpho
846 1729 908 1763 8b.
941 1730 985 1763 Ut
1017 1729 1086 1762 fons
1113 1740 1253 1763 summae
1280 1732 1409 1772 pietatis

246 1778 314 1810 Iam
340 1778 462 1817 potitus
487 1787 520 1809 es
547 1777 720 1818 triumpho,
942 1778 1009 1810 Nos
1035 1780 1206 1812 mundatos
1232 1790 1251 1812 a
1277 1780 1419 1820 peccatis

244 1825 341 1866 Apud
353 1826 755 1866 Christumgregemistum
941 1827 995 1859 Ad
1021 1837 1179 1867 supernae
1207 1829 1362 1861 claritatis

293 1873 477 1906 Clementer
503 1875 650 1918 concilia,
989 1877 1149 1908 Perducat
1175 1878 1319 1912 concilia.

551 1964 582 1996 9.
621 1963 724 1994 Amen
752 1963 862 1995 dicant
891 1964 1008 1997 omnia.

194 2048 277 2076 Miss.
292 2057 346 2075 ms.
360 2049 653 2077 Mosaetraiectinum
668 2058 744 2077 saec.
763 2048 804 2077 15.
829 2049 898 2077 Cod.
916 2051 1048 2086 Haagen.
1063 2051 1091 2078 J.
1121 2050 1163 2078 10.
1183 2068 1217 2072 —
1235 2051 1287 2083 7b,
1310 2050 1327 2078 2
1343 2051 1457 2079 Cande-

117 2086 204 2115 labra
226 2087 366 2115 lucentia.
391 2102 425 2107 —
447 2089 592 2116 Melodie:
614 2089 722 2116 Mane
751 2090 871 2124 prima
900 2090 1064 2116 sabbati.

527 2221 594 2252 252.
638 2222 679 2252 De
701 2229 725 2252 s.
746 2221 869 2253 Nicasio
892 2223 923 2253 et
945 2221 1047 2253 sociis.

611 2313 642 2346 1.
669 2312 766 2351 Ecce,
793 2313 927 2352 pulchra

139 2399 201 2430 22.
234 2398 394 2432 Canorum
421 2400 557 2432 resultet
839 2399 902 2433 2b.
936 2400 1091 2432 Intiinans
1118 2400 1259 2440 requiem

210 2477 218 2483 ,
235 2456 315 2479 voce
339 2448 494 2489 Alleluia,
934 2453 1117 2480 sanctorum
1144 2449 1297 2482 inclitam.

176 2505 314 2535 Blumo,
332 2507 501 2536 Sequentiae
519 2506 654 2530 Ineditae.
688 2505 735 2528 IX,
1243 2506 1276 2533 15
