1655 2713
681 146 918 182 ..57-

511 244 544 275 5.
579 242 649 274 Tuo
675 251 751 284 ergo
776 244 961 276 interventu

582 295 720 334 nostras,
747 301 766 323 o
792 292 919 331 Arsaci,

583 338 696 370 laudes
727 338 779 371 fao
805 339 992 372 directionis

581 385 788 419 multiformis
815 387 1032 420 conformetur

581 433 613 464 in
641 433 674 465 id
700 434 806 474 ipsum

580 480 825 521 longanimitate
851 484 952 523 pacis,

209 564 293 591 Miss.
315 573 369 591 ms,
392 565 582 602 Frisingense
604 575 681 595 saec.
705 567 748 595 14.
771 569 846 596 (¹1m.
868 570 1021 596 Monacen.
1044 567 1152 597 23054.
1173 583 1210 587 —-
1231 566 1283 597 3a.
1306 567 1324 595 3
1345 577 1387 603 sq.
1410 577 1468 595 me-

129 606 262 630 moratur
282 602 398 631 devotis
420 604 573 633 ecclesiae.
594 620 630 624 -——
651 605 710 637 4h.
739 606 758 634 4
789 607 913 634 offerens
934 609 1052 635 caritas.
1076 623 1110 627 —
1134 608 1178 634 Im
1200 608 1333 642 Anfange
1355 607 1470 633 sclieint

126 645 222 670 etwas
244 650 282 668 zu
303 641 410 675 sehim,
432 643 470 670 da
492 647 574 671 sonst
597 644 649 672 der
670 646 839 681 Hauptsatz
863 646 949 680 fehlt3
971 650 1063 673 etwa:
1088 647 1184 680 „Laus
1206 647 1260 672 tibi
1283 644 1427 672 Clrristef‘

146 1033 173 1064 ·2
185 1041 214 1065 a.

153 1216 215 1248 3a.

153 1352 215 1382 4a.

153 1535 216 1565 5a.

152 1718 177 1750 =6
189 1728 221 1750 a.

152 1903 175 1934 ’7
188 1911 217 1934 a.

149 2136 215 2169 Ba.

147 2370 215 2403 aa.

435 795 482 826 54.
526 795 568 826 De
595 804 634 826 ss.
656 796 834 834 Arthemio,
857 795 1004 834 Candida,
1026 796 1171 826 Paulina.

557 897 585 928 1.
623 896 729 928 Adest
753 896 849 928 hodie
877 895 992 927 festum

627 944 719 975 nobis
745 948 933 984 martyrum,

251 1031 343 1070 Quod
369 1031 500 1071 quidem
527 1031 632 1072 replet

251 1080 374 1111 caelum
400 1079 551 1111 laudibus

252 1128 467 1160 iubilantium.

252 1215 311 1247 Isti
337 1218 411 1246 sunt
437 1214 551 1253 sancti,

251 1273 330 1303 quos
357 1263 454 1303 elegit
480 1263 636 1294 Dominus

250 1350 399 1390 Iungitur
428 1349 616 1381 Artbemius

253 1398 326 1438 pius
353 1398 482 1429 invictis

251 1446 450 1486 martyribus
461 1457 470 1488 ς

252 1533 329 1566 Post
354 1533 527 1565 daemones
554 1532 656 1564 victos

251 1581 283 1612 in
307 1582 415 1619 terris,
620 1608 624 1611 .

253 1633 327 1669 post
352 1626 538 1670 expugnata
562 1629 652 1668 vitia,

257 1717 282 1749 Ο
310 1726 404 1756 quam
433 1715 510 1748 felix

256 1766 371 1798 Petrus
399 1765 561 1797 exorcista

253 1818 285 1845 et
316 1817 441 1854 martyr
467 1812 538 1853 fuit,

254 1901 337 1934 Dum
364 1901 447 1933 enim
471 1911 583 1933 carcer
602 1902 772 1942 rumpitur,

251 1951 285 1982 in
311 1959 374 1990 quo
401 1950 517 1982 Petrus

250 1998 395 2030 inclusus
423 1998 631 2031 detinebatur

251 2048 360 2087 impie,

252 2135 348 2167 Hanc
375 2134 533 2175 effugatus

251 2183 384 2224 reliquit
409 2184 558 2224 daemon,

247 2237 283 2266 et
308 2232 398 2265 Deus
428 2241 498 2264 eam
525 2232 674 2272 implevit

249 2281 365 2324 gratia,

249 2368 322 2401 Hoc
348 2367 563 2409 triumphavit

248 2416 439 2450 Arthemius

247 2470 325 2498 tunc
351 2474 428 2498 ense
452 2467 633 2505 mactatus;

853 1031 917 1064 2b.

855 1214 916 1247 3b.

855 1350 918 1382 4b.

857 1532 920 1565 5b.

857 1715 919 1750 61).

859 1900 920 1934 7b.

857 2134 919 2166 811.

855 2365 918 2399 9b.

955 1031 1078 1070 Spiritu
1109 1039 1184 1070 ergo

951 1079 1051 1110 iuncti
1080 1079 1216 1110 Domino

951 1127 1045 1158 simul
1074 1127 1236 1158 dicamus:

956 1214 1002 1246 De
1029 1214 1148 1245 mundo
1176 1223 1322 1253 nequam,

951 1263 1079 1294 vincant
1107 1267 1142 1293 ut
1169 1262 1333 1293 malitiam.

955 1349 1098 1382 Choreas
1131 1349 1304 1389 virginales

951 1398 1051 1430 intrat
1079 1398 1229 1430 Candida

952 1451 983 1476 et
1011 1446 1155 1477 Paulina.

956 1532 1101 1564 Tandem
1129 1537 1324 1563 coronantur

952 1581 984 1612 in
1011 1581 1119 1621 caelis,

953 1629 1050 1660 locati
1077 1637 1176 1668 super
1202 1628 1319 1659 sidera.

959 1717 1021 1748 Per
1047 1725 1139 1756 quem
1169 1715 1254 1747 Deus

953 1765 993 1796 ad
1022 1763 1117 1796 fidem
1146 1769 1305 1804 martyres

954 1817 1060 1844 tantos
1087 1813 1231 1845 vocavit!

959 1900 1095 1940 Deperit
1121 1899 1297 1931 infidelitas

953 1949 1114 1980 Arthcmii

950 1998 1116 2039 martyris,
1150 1997 1317 2030 Candidae
1345 2002 1375 2028 et

952 2047 1118 2079 Paulinae.

955 2134 1023 2173 Qua
1051 2133 1242 2165 confirmata

952 2182 1015 2213 iam
1042 2183 1133 2221 virgo
1159 2186 1248 2213 casta

954 2230 1142 2270 martyrium
1170 2230 1303 2271 pertulit

952 2278 1103 2319 gloriosa.

956 2365 1027 2397 Hoc
1054 2363 1233 2405 exspiravit

953 2413 1169 2453 praecipitata

953 2461 1101 2495 Candida
1133 2469 1224 2500 rupe.
