1655 2713
725 147 983 181 —122—

225 240 283 271 2a.
318 240 382 272 Ista
409 242 493 281 regis
520 242 586 273 filia

317 288 431 320 Mundi
458 299 538 320 vana
565 290 680 329 gaudia

364 336 434 367 Non
462 338 594 376 curavit,

221 417 278 448 3a.
312 415 390 447 Ideo
416 418 636 459 separabatur,

314 464 420 495 Minus
446 465 518 496 dum
546 466 762 506 acl-aptabatur

363 512 427 543 Viri
455 517 544 552 voto;

217 592 277 622 4η.
310 592 397 623 Inter
423 594 531 624 mundi
558 595 675 634 gaudia

359 640 428 671 Non
456 650 515 680 pro
541 642 636 674 laude
660 643 820 676 bominum

405 688 579 720 Laboravit
591 701 598 728 3

216 771 271 800 521.
307 769 398 801 Hane
426 771 498 802 dum
514 781 631 811 sponso
650 775 819 814 temporali

359 818 535 857 Oportebat
562 820 698 857 viduari,

409 866 478 897 Non
507 867 638 899 curabat
664 869 719 901 alii

458 916 600 946 maritari
613 928 619 954 ς

216 993 275 1024 62¹.
309 992 400 1024 Lavit
428 996 632 1035 pauperibus,

310 1040 431 1072 Stravit
458 1042 616 1075 debilibus

356 1089 423 1120 Ista
449 1091 560 1121 sedula

403 1139 609 1176 paupercula,

910 245 972 277 2b.
1005 245 1070 277 Sed
1096 246 1128 278 in
1155 248 1294 286 pueritia

1007 293 1142 326 Carnem
1169 303 1228 334 per
1253 296 1361 329 cilicia

1056 341 1242 383 Castigavit.

909 424 927 453 3
939 421 970 453 b.
1002 422 1087 454 Huic
1111 428 1204 455 caute
1230 423 1459 469 famulabatur,

1003 471 1098 503 Hunc
1132 471 1248 504 timens
1276 474 1519 514 deprecabatur

1051 517 1156 551 Corde
1181 524 1259 553 toto.

906 599 968 632 4b.
1003 598 1205 640 Contempsit.
1230 602 1386 643 ludibria,

1051 647 1168 679 Verum
1194 649 1300 682 lumen
1328 651 1482 684 luminum

1099 695 1189 727 Haec
1215 699 1345 731 amavit.

908 777 969 810 5b.
1003 778 1038 810 ln
1068 778 1176 810 habitu
1204 780 1344 821 spiritali

1048 827 1206 866 Cupiebat
1235 826 1385 861 famulari

1096 874 1181 906 Hinc
1212 876 1244 907 in
1272 877 1370 908 caelis
1397 880 1513 910 meruit

1143 923 1306 956 collocari.

905 1001 965 1033 fib.
998 1002 1096 1034 Cuius
1123 1012 1180 1034 nos
1207 1005 1357 1044 precibus

998 1049 1173 1082 Mundatos
1199 1052 1349 1085 sordibus

1045 1097 1190 1130 Christus
1218 1105 1365 1141 protegat

1094 1155 1153 1185 per
1179 1149 1318 1183 saecula.

271 1215 358 1241 (irad.
384 1225 434 1242 mS.
457 1217 630 1245 Trevirense
652 1229 727 1246 saec.
753 1220 795 1248 15.
818 1222 887 1249 Cod.
911 1224 1004 1258 Capit.
1028 1226 1195 1253 Trevirons,
1220 1225 1282 1254 178.
1307 1244 1341 1248 -
1364 1231 1508 1259 Melodie:

187 1251 210 1276 L
219 1261 234 1277 a
248 1256 304 1278 eta
314 1251 331 1279 b
340 1263 356 1279 u
368 1254 409 1280 nd
418 1264 453 1281 us
475 1256 624 1284 (di-ntsche
648 1259 799 1294 Fassungl.

599 1396 658 1426 128.
702 1398 742 1428 De
763 1402 870 1430 sancto
891 1401 1094 1433 Emmeramo.

652 1488 681 1520 1.
710 1487 836 1520 Laudes
862 1489 931 1522 Deo
956 1496 1067 1523 nostro

703 1536 849 1569 concinat
877 1538 1052 1581 harmonia,

209 1610 267 1640 22.
299 1610 348 1640 Ac
374 1612 476 1650 patris
504 1615 677 1646 venerandi

304 1662 416 1689 sonent
443 1659 530 1691 clara
556 1662 733 1703 sollemnia,

205 1737 263 1770 3a.
298 1738 436 1770 pictavis
463 1740 551 1772 illum
579 1743 652 1773 tulit

299 1790 370 1817 ortu
396 1788 541 1830 gravida,

202 1867 262 1899 4a.
293 1868 391 1906 Quem
420 1866 532 1912 [laete]

297 1920 405 1947 coetus
432 1917 464 1948 in
491 1919 619 1951 excelso
645 1921 721 1952 colit

295 1963 390 1995 laude
417 1964 536 2008 debita,

200 2040 218 2070 5
234 2047 262 2070 a.
295 2039 375 2071 Nam
402 2045 512 2074 tenera
538 2043 583 2083 pii
610 2044 733 2077 iuvenis

294 2092 383 2119 casta
409 2087 469 2120 fuit
495 2089 643 2132 infantia,

199 2165 258 2197 Ga.
291 2163 358 2195 Nec
385 2169 551 2198 contentus

289 2213 391 2251 gentis
417 2213 558 2246 incolere

292 2264 367 2292 nota
392 2262 517 2294 moenia

196 2335 252 2368 7a.
283 2337 327 2370 Ut
354 2338 481 2378 agmina
507 2341 644 2373 creatori

286 2383 351 2416 fida
376 2391 544 2425 quaereret

288 2441 375 2472 voce,
391 2434 554 2467 daemonis
569 2440 641 2468 astu
655 2438 796 2480 perdita,

898 1621 916 1651 2
932 1619 963 1652 b.
992 1621 1079 1660 Quae
1106 1623 1252 1657 Christus
1278 1625 1473 1659 Emmerami

991 1671 1114 1702 meritis
1140 1676 1247 1704 sacrat
1271 1673 1390 1707 lucida.

892 1748 953 1780 3b.
986 1750 1049 1781 Sed
1073 1750 1252 1792 Ratispona
1278 1755 1368 1786 metit

986 1796 1080 1829 finem
1108 1800 1235 1840 cupida.

891 1877 954 1910 4b.
987 1878 1087 1917 Quam
1113 1881 1198 1913 idem

984 1926 1017 1958 in
1050 1931 1137 1960 terra
1174 1933 1350 1964 consistens
1382 1936 1501 1967 struxit

985 1979 1054 2006 arte
1080 1976 1203 2011 sedula.

885 2049 948 2084 5b.
977 2051 1064 2090 Quae
1090 2052 1263 2095 congruum
1290 2058 1448 2097 pontificii

982 2101 1161 2138 pertulerat
1187 2103 1228 2135 ad
1255 2105 1404 2140 culmina.

889 2173 951 2207 tib.
985 2175 1096 2217 Regna
1121 2180 1233 2218 procul

982 2233 1041 2264 pro
1068 2224 1188 2258 Christi
1214 2230 1341 2262 nomine

980 2272 1061 2311 petit
1087 2279 1211 2318 extera,

885 2347 948 2381 7b.
979 2347 1048 2380 Nec
1073 2351 1194 2384 veritus
1220 2357 1384 2390 metuendi

979 2401 1091 2436 pastor
1115 2399 1224 2433 subire

976 2445 1081 2485 plebis
1095 2447 1171 2480 lieet
1181 2449 1343 2486 horrenda
1353 2456 1489 2494 proelia.
