1655 2713
708 173 752 177 -
803 152 846 187 71
899 170 945 176 .-

179 247 240 280 62.
276 247 346 286 Ipsi
373 251 472 287 caput
497 252 667 288 amputare
877 247 940 281 6b.
977 247 1036 286 Qui
1049 246 1486 287 moxmontemhanciniecit‚

277 294 412 337 Volens,
433 295 596 328 Christum
616 297 794 336 deprecare
976 294 1040 327 Ubi
1068 298 1182 326 sancta
1208 294 1267 326 hoc
1293 294 1408 334 effecit,

328 341 443 383 Coepit
462 343 543 375 haec
559 347 672 376 sancta
685 352 793 384 prece.
1023 342 1065 375 Ut
1093 346 1256 374 mutentur
1280 351 1419 382 propere

120 436 131 447 κ
181 420 242 453 78.
277 420 362 452 Oves
388 420 438 451 sui
463 421 660 460 proditoris;
881 419 941 453 7b.
979 420 1076 452 Cuius
1103 423 1200 459 caput
1226 419 1405 459 amputavit

277 469 379 507 Quam
405 471 482 499 tunc
503 468 592 508 capit
608 468 640 499 in
659 468 710 499 his
728 467 794 499 oris
976 469 1040 501 Sua
1066 477 1161 499 manu
1187 472 1216 498 et
1244 468 1290 498 sic
1316 467 1396 498 lavit

329 516 427 548 Pater
453 516 568 556 plenus
594 516 728 548 scelere.
1024 517 1061 549 In
1087 516 1250 555 sanguinis
1276 514 1417 548 flumine.

181 595 243 628 Sa.
279 594 380 633 Virgo
405 597 518 625 sancta
544 597 579 624 tu
602 602 660 624 nos
678 593 797 624 munda
882 593 944 625 8b.
981 593 1023 625 Ut
1052 597 1216 624 consortes
1244 592 1381 624 creatori

276 642 307 674 A
334 641 476 682 peccatis
502 646 534 672 et
559 641 699 673 iucunda
979 641 1098 672 Nostro
1126 642 1236 672 laudes
1262 641 1416 672 salvatori

330 690 438 723 Corda
465 688 517 721 fac
542 693 574 721 et
600 698 747 729 corpora,
1027 690 1213 722 Reddamus
1240 698 1299 729 per
1322 689 1461 720 saecula.

236 761 320 788 Miss.
350 770 402 787 ωε.
425 760 622 788 olomucense
650 768 727 787 saec.
756 758 799 787 15.
823 760 894 787 Cod.
919 762 948 788 S.
972 761 1073 787 Iacobi
1095 761 1223 787 Brunen.
1253 758 1295 787 12.
1324 761 1388 786 add.
1413 769 1489 787 saec.

158 800 203 828 15.
224 800 259 827 A.
281 815 317 819 —
339 800 423 826 Miss.
446 808 500 826 ms.
516 800 666 835 Pragense
688 808 764 826 saec.
788 797 831 826 15.
847 799 917 827 Cod.
934 799 1110 826 Altovaden.
1133 798 1178 825 91.
1196 800 1226 825 B.
1249 812 1285 817 —
1307 797 1359 829 2a.
1383 797 1400 825 ⁴2
1421 799 1489 825 dum

156 836 255 867 infixit
274 839 309 866 B.
330 853 368 857 —
389 836 447 871 2a,
473 837 491 865 3
511 838 612 865 divino
633 839 741 873 spiritu
762 838 795 865 Α.
817 852 855 857 -
876 837 927 870 3a,
949 836 966 864 2
988 837 1073 871 Quod
1095 847 1137 873 pr.
1159 838 1223 870 AB·,
1247 838 1386 872 profanus
1410 838 1489 864 Deus

155 878 191 906 A.
214 894 249 898 —
271 876 322 910 3a,
350 875 368 904 3
389 880 420 905 et
438 880 523 913 pater
543 878 610 909 AB;
635 876 817 904 Didascorus
838 877 873 904 A.
895 893 927 896 —
953 874 1014 909 31),
1040 875 1052 903 1
1075 876 1184 903 Inclita
1207 877 1237 903 Β.
1264 891 1291 893 -
1317 875 1369 907 4a,
1395 875 1405 902 l
1432 877 1489 902 Tui

160 918 193 944 Β.
209 931 247 936 —
261 914 314 949 8b,
336 914 354 944 3
369 916 579 943 Persolvamus
596 916 629 942 A.
650 931 687 934 —
710 913 763 947 6b,
787 914 800 942 1
823 924 891 943 mox
912 918 1040 942 mentem
1055 915 1089 941 A.
1112 931 1147 934 —
1170 914 1221 946 tib,
1244 913 1261 940 3
1278 916 1317 942 Ut
1333 916 1490 940 vincantur

158 955 258 983 vultus
280 955 315 982 A.
337 971 374 975 —
395 953 446 988 5b,
469 954 487 982 3
508 954 599 981 Suam
621 954 741 982 saecula
761 954 795 980 A.

603 1077 651 1107 70.
694 1076 736 1107 De
759 1078 871 1107 sancta
892 1076 1045 1107 Barbara.

186 1170 246 1202 la.
282 1169 390 1201 Mater
416 1168 512 1205 alma,
539 1176 637 1207 perge
664 1167 749 1198 trino
883 1166 943 1199 lb.
979 1167 1159 1206 Martyrem
1182 1166 1290 1197 colens
1317 1166 1465 1197 decoram

281 1217 414 1249 Numini
440 1216 583 1256 psallens
610 1216 763 1247 honorem
979 1216 1142 1255 Virginem
1169 1215 1283 1252 lauda3
1313 1215 1447 1245 colenda

327 1265 404 1297 Rite
431 1264 573 1296 debitum
602 1264 692 1304 dare,
1028 1263 1139 1294 Laude
1157 1268 1250 1303 grata
1268 1267 1315 1293 est
1336 1263 1490 1294 Barbara.

184 1339 245 1371 2a.
281 1338 343 1370 Illa
368 1338 474 1369 caecis
500 1346 517 1368 e
543 1336 687 1368 tenebris
881 1335 946 1368 2b.
980 1336 1057 1367 Flos
1085 1336 1171 1366 velut
1198 1344 1290 1367 rosae
1316 1335 1447 1366 nitentis

276 1386 411 1418 Editum
437 1386 545 1417 lumen
571 1383 711 1424 refulget
976 1384 1005 1415 E
1030 1384 1110 1415 rubo
1135 1383 1293 1423 fragrans,
1321 1388 1455 1422 parente

328 1434 402 1466 Sole
427 1443 509 1474 puro
535 1433 673 1473 clarius;
1026 1432 1112 1464 Nata
1138 1432 1241 1472 surgit
1266 1432 1375 1471 impio.

181 1509 243 1540 32.
279 1506 384 1538 Fonte
410 1515 483 1538 nam
511 1505 605 1536 simul
631 1504 755 1536 salubri
882 1504 944 1538 3b.
983 1504 1068 1535 Pura
1094 1503 1243 1543 flagravit
1271 1504 1388 1543 pudico

280 1555 421 1595 Prodiit‚
448 1554 552 1585 scelus
579 1553 723 1593 parentis
978 1551 1066 1594 Igne,
1095 1553 1205 1591 sponsi
1232 1561 1340 1583 amore
1369 1557 1491 1583 castum

330 1603 510 1635 Pertinacis
538 1601 673 1633 horruit.
1026 1601 1142 1631 Pectus
1168 1601 1248 1631 arsit
1271 1601 1393 1633 intimo.

183 1679 246 1710 4a.
282 1675 475 1715 Concupivit
500 1683 558 1706 rex
586 1674 734 1706 decorem
880 1673 944 1706 4b.
983 1673 1085 1706 Caesa
1111 1671 1220 1713 flagris
1247 1673 1296 1704 vel
1324 1673 1450 1712 capillis

277 1724 323 1756 Et
347 1723 487 1755 tenellae
512 1723 576 1754 vim
603 1722 730 1762 puellae
978 1722 1086 1761 Rapta
1112 1720 1203 1752 flavis
1227 1721 1276 1753 vel
1304 1721 1436 1761 papillis

328 1772 471 1804 Addidit
495 1770 687 1803 mirabilem.
1027 1770 1123 1801 Nuda
1148 1770 1244 1801 sectis
1272 1770 1431 1808 ambulet,

185 1847 248 1878 5a.
285 1844 387 1877 Caesa
398 1842 534 1885 perfert,
545 1852 604 1875 nec
615 1847 795 1875 manentem
883 1842 945 1876 5b.
982 1843 1062 1881 Quin
1090 1852 1186 1874 manu
1212 1847 1307 1882 caput
1334 1846 1469 1882 paterna

280 1893 397 1925 Vultus
422 1893 576 1924 instantis
602 1892 732 1932 tyranni
987 1893 1186 1931 Amputante
1213 1901 1274 1922 non
1302 1894 1457 1922 retractat

329 1942 496 1982 Virginem
522 1941 630 1972 minax
657 1941 771 1981 quatit.
1027 1940 1091 1972 Ore
1117 1940 1173 1971 sed
1201 1940 1305 1971 Iesum
1333 1939 1472 1971 invocat.

188 2017 250 2048 6a.
286 2013 372 2046 Filia
398 2014 445 2046 sic
469 2023 570 2054 usque
595 2023 741 2054 serpens,
884 2013 945 2046 6b.
982 2013 1069 2053 Ergo
1096 2022 1180 2044 nunc
1207 2012 1328 2044 nitente
1356 2012 1464 2052 palma

283 2063 355 2096 Eva
377 2072 439 2104 quo
466 2063 603 2103 decepta
629 2067 734 2094 mater
979 2062 1091 2094 Floret
1118 2061 1252 2102 insignis
1279 2070 1396 2092 corona

331 2111 491 2151 Concidit,
519 2110 642 2143 fractus
668 2111 763 2144 iacet.
1029 2110 1252 2150 Sempiternae
1279 2109 1410 2149 gloriae.

505 2185 536 2218 7.
563 2184 590 2217 Ο
617 2183 715 2216 beata
738 2184 840 2224 virgo,
867 2186 1003 2225 martyr,

560 2232 687 2273 Sponsa
713 2232 847 2273 Christi,
874 2231 937 2270 fac,
965 2240 1147 2272 precamur,

561 2281 608 2313 Te
629 2284 785 2321 precante
810 2284 847 2312 ut
872 2281 955 2313 haec
983 2280 1050 2312 Deo
1076 2280 1139 2311 sint

614 2329 726 2367 Grata,
754 2337 837 2370 quae
863 2329 944 2360 fiunt
969 2337 1072 2360 sacra.

236 2402 321 2430 Miss.
342 2403 510 2431 Romanum
536 2401 574 2430 ad
599 2410 687 2429 usum
714 2401 785 2429 eccl.
806 2401 836 2429 S.
857 2401 1008 2429 Barbarae
1031 2397 1239 2435 [Mantuanae]
1266 2400 1335 2435 imp.
1358 2400 1491 2427 Venetiis

161 2438 247 2469 1572.
266 2455 306 2461 —
326 2442 385 2470 Cfr.
406 2442 621 2470 Transactions
643 2440 676 2468 of
695 2440 745 2468 the
766 2449 788 2467 ε.
808 2439 899 2468 Pauls
914 2438 1163 2474 Ecclesiological
1178 2438 1309 2474 Society,
1324 2439 1389 2466 Vol.
1406 2439 1440 2470 V,
1464 2448 1491 2474 p,

161 2477 202 2508 38
224 2487 290 2518 sqq.
309 2494 348 2500 —
368 2481 427 2509 Die
448 2481 584 2517 Sequenz
604 2480 646 2507 ist
667 2478 807 2507 sichtlich
827 2479 877 2507 ein
897 2477 1147 2506 humanistisches
1169 2477 1311 2504 Produkt.
