1655 2713
729 177 989 213 —280—

230 283 289 313 4a.
321 279 523 312 Credendum
561 281 607 308 est
637 275 738 316 magis
771 274 832 306 soli
890 273 952 306 4b.
986 273 1109 306 Scimus
1135 281 1210 313 ergo
1235 276 1268 304 te
1293 280 1428 312 regnare

323 327 474 358 ecclesiae
484 329 622 363 sanctae,
633 333 724 363 quam
736 323 829 364 impi-
986 321 1063 354 Cum
1075 320 1212 360 Christo,
1228 323 1331 352 tecum
1347 319 1519 361 collocare,

323 384 410 407 orum
436 374 520 413 genti
545 380 725 414 perversae.
986 370 1099 401 Victor
1124 369 1199 409 dux,
1225 378 1283 400 nos
1311 368 1453 408 dignare.

276 476 357 502 Miss.
379 483 429 500 ms.
453 474 481 499 S.
500 472 629 498 Victoris
645 471 823 498 Parisiensis
839 478 916 497 saec.
935 467 976 495 14.
992 477 1036 495 ex.
1052 468 1123 495 Cod.
1138 468 1282 495 Parisien.
1300 465 1408 494 14448.
1424 468 1459 494 A.
1481 481 1519 485 —

201 515 284 541 Miss.
306 514 334 539 S.
357 512 482 538 Victoris
509 511 684 539 I'arisiensis
712 510 782 544 imp.
809 506 933 535 Parisiis
962 505 1043 534 1529.
1065 508 1098 534 Β.
1124 522 1154 525 -
1179 505 1231 537 43,
1253 505 1271 533 2
1296 508 1416 533 sanctae
1446 504 1520 532 fehlt

200 553 234 578 Α.
256 566 292 570 -—
310 550 450 577 Melodie:
472 550 656 575 Victimae
678 547 863 582 paschali.
883 561 921 565 —
937 544 979 572 Cf.
995 546 1126 577 Gautier,
1150 546 1280 572 Oeuvres
1295 545 1454 580 poetiques
1468 541 1518 570 d'?

196 591 292 617 Adam
313 589 348 615 de
370 589 410 615 st.
432 588 542 614 Victor.
564 588 586 617 1,
608 596 633 622 p.
656 584 692 612 94
714 595 756 620 sq.

507 732 567 763 316.
610 731 641 761 lu
665 730 866 770 susceptione
888 729 977 760 Pedis
999 738 1024 760 s.
1048 728 1193 760 Victoris.

222 833 281 865 1a.
314 831 362 863 De
390 831 558 871 profundis
591 830 822 870 proclamemus
884 829 947 864 lb.
979 829 1081 860 Menti
1108 829 1183 859 insit
1212 837 1305 860 verus
1332 838 1431 864 amor,

313 879 355 910 Et
383 880 496 910 devote
523 878 738 909 collaudemus
978 878 1045 916 Quo
1064 877 1219 917 procedat
1239 881 1366 908 sanctus
1396 877 1517 908 clamor

364 927 500 958 Victoris
526 926 710 966 victoriam3
1027 925 1079 956 Ad
1107 925 1257 964 martyris
1283 924 1428 964 gloriam,

220 1029 280 1060 Za.
312 1027 425 1058 Dextri
450 1027 541 1066 pedis
568 1027 738 1066 susceptio,
882 1026 944 1059 2b.
976 1026 1062 1064 Quae
1088 1035 1163 1065 pars
1189 1026 1221 1056 in
1248 1025 1355 1056 multis
1375 1025 1514 1064 probata

316 1075 412 1107 Istius
438 1075 539 1105 sancti
567 1075 671 1113 portio
975 1073 1076 1104 Nobis
1103 1072 1161 1104 fuit
1189 1076 1393 1112 praesentata

362 1122 483 1153 Novum
511 1122 594 1161 parit
621 1122 791 1161 gaudium3
1024 1121 1086 1152 Per
1111 1129 1222 1151 manus
1248 1120 1404 1152 fidelium.

225 1224 283 1254 3a.
314 1222 363 1252 Ex
394 1231 453 1260 quo
480 1224 662 1251 constanter
687 1220 826 1253 calcavit
885 1220 1072 1262 3b.·Quem
1099 1220 1198 1251 incidi
1224 1221 1312 1252 ocius

319 1269 359 1299 Et
386 1268 505 1301 idolum
533 1268 616 1299 Iovis
643 1268 758 1301 stravit
982 1268 1073 1299 Iubet
1096 1268 1194 1300 iudex
1220 1269 1337 1308 impius

367 1316 414 1347 De
439 1316 574 1347 ministri
602 1316 755 1348 manibus.
1029 1315 1100 1347 Suis
1127 1316 1329 1349 satellitibus,

221 1414 281 1443 43.
318 1411 390 1448 Sed,
418 1410 529 1441 infelix
557 1410 726 1449 hominum,
883 1410 945 1443 4b.
978 1410 1129 1442 Gressum
1156 1416 1276 1442 rectum
1303 1411 1401 1451 figere

317 1458 430 1490 Nescis
457 1464 566 1489 contra
594 1458 762 1490 Dominum
980 1458 1040 1490 Dei
1067 1459 1168 1490 virtus
1195 1468 1333 1499 propere

364 1505 417 1536 Nil
443 1506 549 1537 valere
575 1504 661 1538 fraus
688 1506 765 1537 tua?
1027 1506 1119 1537 Facit
1145 1508 1249 1546 gratia
1275 1517 1342 1541 sua.

224 1605 283 1634 5a.
314 1602 339 1632 O
365 1600 468 1632 fidelis
495 1601 610 1639 anima,
882 1601 943 1633 5b.
975 1602 1065 1640 Quod
1092 1606 1224 1634 naturae
1251 1603 1369 1641 deficit,

316 1649 377 1679 Hic
400 1649 540 1688 percipe,
566 1649 677 1679 intima
978 1649 1076 1680 Fides
1103 1660 1182 1690 pura
1213 1651 1339 1690 perficit

364 1696 487 1734 Quanta
514 1697 560 1727 vis
587 1696 627 1727 sit
654 1696 746 1734 fldei;
1025 1698 1122 1729 Teste
1147 1698 1269 1730 athleta
1294 1699 1364 1731 Dei.

227 1793 286 1824 6a.
318 1791 516 1830 Completum
543 1795 590 1822 est
616 1791 721 1830 hodie,
887 1792 950 1825 eb.
983 1793 1144 1833 Quidquid
1166 1794 1324 1833 petieritis

321 1839 409 1877 Quod
436 1839 611 1879 promissor
637 1839 769 1879 gloriae,
982 1840 1121 1878 Patrem,
1147 1841 1373 1883 impetrabitis,

319 1886 420 1917 Verus
445 1887 492 1917 sol
517 1886 667 1925 iustitiae,
981 1887 1065 1920 Dum
1091 1889 1138 1919 sic
1164 1889 1367 1921 credideritis

317 1933 403 1965 Fons
428 1934 668 1966 misericordiae
980 1935 1024 1967 Et
1049 1935 1130 1967 bene
1155 1937 1294 1976 egeritis,

367 1981 420 2012 Sic
445 1981 489 2012 ait
515 1981 698 2021 discipulis:
1029 1984 1072 2016 Ut
1099 1985 1246 2015 convenit
1273 1983 1412 2018 famulis.

226 2078 284 2110 7a.
317 2077 415 2108 Fides
441 2077 509 2108 sine
535 2076 684 2116 operibus
888 2079 948 2111 7b.
980 2079 1037 2112 Uti
1063 2088 1180 2120 corpus
1205 2081 1317 2112 inutile

368 2124 456 2156 Nihil
482 2125 614 2165 prodest
639 2125 759 2157 homini
1028 2127 1091 2160 Est
1115 2128 1221 2160 anima
1245 2128 1390 2171 absente,

318 2173 482 2213 Apostolis
508 2173 709 2212 testantibus,
981 2175 1034 2208 Sic
1061 2176 1100 2207 de
1126 2175 1253 2208 homine
1278 2178 1383 2209 simile

364 2220 500 2252 Vicariis
527 2220 673 2262 Domini3
1031 2224 1089 2256 Est
1114 2223 1178 2256 fide
1204 2225 1379 2266 indigente.

222 2316 280 2348 Sa.
314 2317 500 2348 Animemur
525 2326 611 2357 ergo,
638 2315 766 2357 fratres,
885 2319 948 2353 8b.
979 2320 1138 2352 Conemur
1163 2322 1239 2353 totis
1264 2323 1387 2355 nisibus

317 2365 450 2398 Sanctos
475 2366 635 2397 imitemur
658 2370 776 2409 patres,
979 2368 1094 2400 Fidem
1121 2370 1273 2410 amplecti
1299 2372 1462 2412 cordibus,

318 2413 390 2444 Pias
416 2413 611 2445 admiremur
636 2418 753 2446 matres
978 2417 1076 2449 Bonis
1102 2418 1263 2450 adiunctis
1289 2421 1430 2453 moribus

367 2461 534 2494 Calcautes
561 2462 745 2505 terrestria3
1027 2465 1202 2507 sperantes
1228 2468 1390 2502 caelestia.
