1655 2713
224 244 283 274 4a.
314 243 483 283 Angelicos

364 296 488 323 secutus
515 293 649 324 monitus

318 338 432 369 Exsilii

363 386 447 417 subit
472 387 628 425 interitus,

408 434 506 465 Dives
532 440 765 474 p.iupertatem.

220 515 278 546 5a.
311 513 447 553 Serpens
475 514 532 546 Dei

360 562 504 592 trahente
532 561 649 595 famulo

311 609 505 640 Mansuescit

360 657 391 687 in
419 658 484 688 eius
513 659 648 700 cingulo,

310 703 351 734 Et
380 704 504 736 lucente

359 752 415 782 tali
442 753 595 784 miraculo

307 798 507 831 Convalescit

355 846 434 878 fides
460 848 490 879 in
518 850 646 888 populo.

215 928 276 961 6a.
313 928 444 960 Pietatis
469 929 638 961 adfluentis

821 149 890 186 252
938 168 986 174 —

881 242 929 290 :4
939 246 971 280 b.

1003 247 1215 279 Geminantur

1047 295 1165 335 privati
1190 297 1317 337 gaudia,

1001 343 1174 382 Recipiunt

1047 400 1127 422 uxor
1153 395 1184 423 et
1210 392 1276 424 filia

1094 439 1225 471 Plenam
1251 441 1452 481 sospitatem.

905 521 924 552 5
940 519 969 552 b.
1003 520 1137 552 Caecum
1164 526 1255 553 sanat

901 935 966 969 6b.

309 976 424 1006 Pectus
454 983 556 1008 movet
585 987 643 1009 vox
669 979 815 1012 deflentis

357 1023 472 1054 Matris
499 1030 632 1065 propter
658 1026 777 1067 filium3

217 1102 233 1133 7
249 1110 277 1133 a.
309 1102 457 1134 Fratrum
484 1105 572 1143 quies
598 1107 794 1149 molestatur,

311 1149 373 1181 Sed
401 1151 577 1182 clausarum
605 1155 780 1193 castigatur

354 1199 467 1229 Avium
495 1201 677 1238 garrulitas.

212 1276 274 1308 Sa.
304 1277 328 1308 Ο
356 1279 499 1310 mirande
525 1280 780 1322 transformator⁷

304 1324 393 1356 Nove
420 1336 523 1357 rerum
551 1329 733 1361 immutator

302 1371 480 1405 Sanitatum
507 1381 683 1416 reparator,

208 1452 267 1484 9a.
298 1452 341 1484 Ut
364 1453 396 1483 in
423 1462 520 1493 regno
546 1455 702 1488 claritatis

302 1499 400 1530 Nobis
427 1501 487 1532 sibi
514 1502 720 1536 conformatis

299 1547 367 1578 Rex
392 1553 541 1580 aeternae
567 1552 708 1584 caritatis

902 1110 962 1143 7b.

894 1286 955 1319 8b.

889 1461 950 1494 9b.

1047 573 1158 607 petens
1184 569 1353 610 palatium,

997 615 1049 646 Ab
1076 616 1206 648 obsesso

1049 663 1137 704 fugat
1164 664 1376 706 daemonium,

998 712 1086 743 Perit
1113 713 1171 753 leo,

1045 768 1136 799 quem
1164 761 1258 792 habet
1285 761 1424 803 obvium,

997 807 1039 838 Et
1066 809 1194 847 reginae

1041 860 1182 888 mutatur
1209 857 1328 889 odium.

997 937 1112 968 Matris
1139 938 1230 970 dolor
1256 943 1405 971 revocato

994 986 1020 1015 A
1051 984 1210 1017 defunctis
1236 987 1299 1018 sibi
1325 991 1400 1019 nato

1042 1033 1206 1073 Remigrat
1233 1035 1264 1066 in
1291 1035 1452 1074 gaudium.

994 1112 1090 1144 Prata
1105 1117 1232 1146 vertens
1246 1124 1323 1154 grex
1334 1125 1503 1155 porcorum

993 1159 1047 1190 Fit
1072 1166 1204 1201 repente
1229 1172 1305 1202 grex
1330 1163 1502 1205 hircorum,

1039 1208 1064 1239 O
1092 1209 1236 1241 miranda
1264 1211 1406 1243 novitas!

989 1288 1059 1319 Lux
1078 1291 1227 1329 exempli,
1246 1300 1368 1323 morum
1382 1291 1496 1333 fornia,

986 1335 1039 1366 Ad
1066 1337 1200 1369 virtutes
1226 1348 1282 1370 nos
1310 1339 1450 1373 reforma

986 1385 1092 1423 Atque
1110 1385 1238 1417 Christo
1256 1387 1302 1418 sic
1317 1387 1493 1433 conforma,

984 1463 1077 1495 Vitae
1101 1465 1197 1496 donet
1223 1469 1378 1506 praemia,

983 1512 1085 1543 Anien
1113 1514 1222 1545 dicant
1247 1517 1361 1555 omnia,

984 1559 1153 1591 Succurrat
1181 1562 1330 1598 laetania.

255 1626 335 1652 Miss.
361 1628 516 1656 Briocense
539 1631 606 1665 imp.
630 1633 805 1661 Rothomacri
834 1645 857 1661 s.
878 1645 904 1663 a.
925 1635 1055 1674 [1502?].
1077 1641 1110 1666 A.
1133 1656 1169 1659 —
1185 1643 1268 1669 Miss.
1289 1645 1490 1675 Macloviense

179 1664 248 1698 imp.
268 1664 443 1701 R0t11··1nagi
472 1666 552 1695 1503.
576 1670 606 1695 B.
630 1686 664 1689 -
688 1670 744 1706 la,
773 1673 778 1680 ⁸
811 1674 904 1707 Quam
926 1677 959 1702 A.
983 1691 1020 1696 —
1040 1676 1101 1710 321,
1128 1678 1146 1705 4
1173 1681 1253 1708 elisit
1273 1684 1307 1709 A.
1331 1698 1368 1702 —
1389 1684 1448 1716 4a,
1476 1686 1495 1713 4

178 1702 269 1727 subiit
289 1703 322 1728 A.
345 1717 377 1720 —
400 1703 452 1735 «53,
475 1705 492 1732 5
513 1707 629 1734 ludente
650 1709 709 1736 AB.
731 1725 767 1729 —
782 1709 836 1743 5b‚
859 1712 876 1739 5
898 1714 987 1741 Periit
1010 1717 1069 1742 AB.
1086 1733 1121 1736 —
1136 1717 1191 1749 51³,
1214 1718 1231 1746 6
1253 1720 1357 1749 habuit
1379 1724 1437 1750 AB.
1453 1740 1491 1743 —

177 1740 230 1771 fia,
251 1738 269 1766 3
290 1741 384 1768 Mater
404 1744 437 1770 A.
459 1758 495 1761 —
517 1743 569 1774 Sa.
591 1744 609 1771 3

630 1747 774 1775 claritatis
795 1750 854 1777 AB.

615 1892 682 1923 284.
725 1894 767 1924 De
790 1898 897 1927 sancto
918 1898 1041 1930 Savino.

196 1980 253 2013 la.
283 1981 387 2013 Adest
411 1983 502 2015 nobis
526 1987 724 2019 venerandus

288 2030 444 2061 Praesens
482 2032 550 2064 dies
581 2038 612 2064 et
637 2037 796 2074 optandus

335 2077 416 2109 Toto
441 2081 555 2112 mentis
579 2083 695 2121 gaudio

195 2157 253 2188 2a.
286 2157 347 2189 Hic
366 2158 530 2192 confessor
545 2161 664 2194 Christi
683 2164 796 2205 dignus

287 2206 432 2238 Prudens
459 2207 519 2240 fuit
545 2219 582 2241 ac
609 2210 763 2252 benignus

331 2255 367 2286 In
394 2257 516 2288 cunctis
537 2259 699 2299 operibus,

190 2335 251 2367 3a.
279 2335 498 2370 Placentinam
525 2340 636 2372 urbem
662 2343 746 2374 rexit

284 2383 463 2424 vigilanter
489 2391 519 2418 et
545 2390 686 2428 protexit

329 2432 401 2465 Suis
426 2435 458 2466 in
486 2437 693 2476 temporibus.

883 1992 947 2027 1b.

883 2169 944 2202 2b.

878 2346 943 2380 3b.

979 1993 1028 2025 De
1054 1994 1173 2033 SavinL
1201 1998 1331 2039 gloriosi

977 2042 1083 2074 Patris
1109 2047 1211 2076 nostri
1237 2056 1275 2078 ac
1300 2050 1439 2090 patroni,

1021 2090 1119 2122 Festo
1145 2091 1339 2129 beatissimo.

975 2169 1129 2213 Simplex,
1155 2179 1262 2208 rectus
1289 2181 1320 2208 et
1345 2179 1482 2223 quietus,

976 2218 1114 2252 Humilis
1140 2225 1172 2253 et
1196 2231 1380 2258 mansuetus

1023 2267 1177 2301 Omnibus
1203 2270 1365 2306 fidelibus.

973 2349 1011 2380 In
1038 2350 1162 2383 cultura
1188 2354 1364 2389 conditoris

973 2396 1094 2431 Contra
1127 2399 1246 2434 bellum
1278 2407 1484 2446 temptatoris

1021 2446 1155 2480 Monitis
1180 2454 1211 2481 et
1237 2453 1399 2493 precibus.
