1655 2713
167 243 231 275 7a.

164 432 232 466 Sa.

165 621 229 654 9a.

143 809 185 841 10
201 818 230 840 a.

137 1043 177 1076 11
195 1052 225 1076 α.

134 1318 177 1350 12
193 1326 222 1350 a.

691 151 929 187 ,53-

263 243 358 276 Nunc
383 245 416 277 iu
444 245 548 279 forma
573 249 738 288 speciosae

261 291 421 332 Mulieris,
449 296 612 336 pretiosae

309 340 403 372 Nunc
437 343 471 374 in
505 353 630 376 massae
657 345 775 385 specie.

264 431 358 463 Mille
387 431 531 475 fraudes,
558 435 647 467 mille
674 436 740 467 doli

261 479 343 512 Sunt
366 481 490 522 inanes,
516 483 565 514 illi
589 484 650 514 soli

311 528 405 561 Cedit
431 539 525 561 orcus
551 531 727 572 ingemens,

264 620 337 652 Non
364 621 466 653 lorica
493 623 654 662 corporali

261 668 378 700 Fultus
403 669 532 702 inimico
557 671 614 702 tali

310 717 373 749 Hic
399 718 522 750 athleta
548 719 677 753 restitit.

262 809 373 840 Herba
400 808 460 841 fuit
486 810 533 841 illi
562 810 675 847 victus,

261 856 391 888 Palmae
418 856 550 889 frondes
577 862 609 889 et
625 858 771 898 amictus,

257 905 307 936 Ac
333 913 403 936 cum
432 905 545 937 bestiis
572 905 736 937 convictus

303 953 393 984 Intra
419 953 638 985 solitudinem.

257 1041 441 1075 Confutatis
468 1044 617 1075 Arrianis

254 1091 297 1123 Et
323 1091 524 1132 pbilosophis
551 1091 697 1132 profanis

257 1139 390 1171 Paulum
419 1140 504 1181 visit,
533 1149 591 1172 nec
618 1141 722 1172 inanis

295 1187 358 1219 ‘Fit
384 1188 437 1220 via
462 1197 521 1220 nec
547 1188 650 1221 irrita.

255 1318 280 1350 O
307 1319 439 1357 Antoni,
468 1327 538 1350 cum
566 1318 668 1350 beatis

255 1366 348 1398 Nunc
374 1366 406 1398 in
430 1375 529 1407 regno
556 1367 714 1398 claritatis

257 1414 428 1455 moriaris,
455 1415 506 1446 bic
531 1415 674 1454 gravatis

255 1462 343 1494 Mole
369 1463 476 1494 carnis
502 1463 633 1502 pietatis

304 1511 392 1543 Tuae
419 1512 526 1551 pande
553 1512 697 1549 viscera,

864 248 928 283 7b.

863 436 927 470 8b.

861 623 929 656 9b.

837 811 879 843 10
896 810 926 844 b.

833 1045 873 1077 11
892 1044 922 1076 b.

834 1320 875 1351 12
892 1319 921 1350 b.

961 248 1104 281 Daemon
1130 248 1226 279 struit
1251 248 1299 279 illi
1318 246 1469 287 fraudes,

957 296 1022 329 Sed
1040 297 1093 336 qui
1111 299 1210 336 tanta,
1238 294 1338 335 vafer,
1358 295 1469 337 audes,

1004 344 1191 378 Succumbis
1216 344 1248 375 in
1275 343 1354 375 acie.

958 436 1096 468 Militem
1123 436 1208 467 hunc
1235 439 1420 466 veteranum

957 484 1001 516 Et
1026 484 1190 516 robustam
1217 483 1284 514 eius
1310 492 1436 514 manum

1007 533 1129 564 Horret
1155 532 1256 564 hostis
1281 530 1468 562 infremens.

962 625 1056 663 Aqua
1081 627 1185 663 potus,
1214 627 1301 655 terra
1328 624 1429 654 lectus

957 671 1009 703 Illi
1037 670 1106 710 fuit,
1135 671 1182 702 his
1210 676 1374 711 protectus

1003 719 1113 751 Armis
1140 720 1243 750 victor
1270 720 1403 751 exstitit.

960 811 1094 842 Preeum
1120 811 1321 848 assiduitate,

953 858 1117 897 Operandi
1145 858 1319 889 crebritate

953 907 1060 946 Atque
1086 907 1187 937 somni
1214 907 1374 945 parcitate

1002 954 1181 985 Restrinxit
1208 954 1387 985 libidinem.

956 1044 1037 1075 Nam
1072 1045 1221 1076 convenit
1248 1045 1332 1075 hunc
1360 1045 1464 1076 viven-

1177 1096 1251 1129 tem,

952 1141 1032 1173 Inde
1060 1144 1203 1172 sanctam
1233 1141 1300 1171 eius
1329 1144 1465 1172 mentem

952 1189 1065 1221 Caelos
1094 1189 1175 1220 vidit
1201 1189 1428 1220 ascendentem

999 1237 1102 1269 Carne
1129 1242 1236 1269 terrae
1264 1238 1404 1271 reddita.

952 1319 1000 1350 Ne
1026 1328 1084 1350 nos
1110 1320 1217 1358 rapiat
1244 1320 1429 1350 tremendae

949 1367 1466 1407 Morsgehennae,manumtende,

953 1415 1020 1446 Nos
1047 1425 1066 1446 a
1092 1416 1239 1447 morbido
1267 1415 1406 1447 defende

954 1463 1030 1503 Igne
1057 1464 1150 1495 nobis
1177 1469 1209 1496 et
1236 1464 1386 1503 impende

999 1511 1143 1543 Gloriam
1171 1516 1243 1551 post
1272 1512 1393 1543 funera.

211 1601 351 1636 Sequent.
385 1610 438 1629 ms.
467 1601 627 1628 Caelestia.
656 1601 901 1628 Ambianensium
925 1602 1015 1631 (Guil.
1044 1602 1148 1632 Lovel)
1180 1603 1250 1628 anni
1286 1601 1367 1628 1572.
1396 1603 1465 1629 Cod.

133 1639 310 1666 Ambianen.
335 1637 398 1667 132.
414 1640 448 1666 A.
466 1656 500 1659 —
517 1639 655 1676 Sequent.
671 1649 724 1667 ms.
739 1641 966 1667 Ravennatense
983 1642 1052 1667 anni
1072 1639 1143 1667 1585
1155 1639 1231 1667 -87,
1247 1641 1317 1668 cod.
1335 1642 1465 1667 Classen.

131 1676 190 1705 360
216 1676 293 1709 (139.
323 1676 349 1705 5.
379 1678 418 1711 S).
447 1679 478 1706 B.
506 1692 542 1697 —-
572 1679 655 1705 Miss.
688 1679 888 1706 Ambianense
916 1681 984 1714 imp.
1013 1679 1136 1706 Parisiis
1168 1677 1249 1706 1529.
1271 1680 1302 1707 C.
1326 1694 1362 1698 —
1384 1680 1466 1706 Miss.

132 1717 334 1744 Ambianeuse
360 1718 430 1753 imp.
452 1718 577 1744 Parisiis
602 1716 683 1744 1555.
707 1718 741 1745 D.
761 1733 796 1736 —
812 1718 894 1744 Miss.
912 1718 1125 1745 Bellovacense
1148 1719 1216 1754 imp.
1235 1718 1359 1745 Parisiis
1385 1716 1465 1745 15:138.

131 1755 167 1785 E.
188 1770 226 1773 —
248 1756 332 1783 Miss.
355 1756 569 1783 Bellovacense
590 1757 659 1790 imp.
684 1757 860 1784 Bellovacae
884 1755 966 1784 1625.
990 1758 1020 1784 F.
1043 1772 1073 1775 —
1094 1757 1146 1786 la,
1172 1756 1183 1784 1
1207 1757 1265 1784 Eia
1287 1767 1357 1784 voce
1378 1758 1412 1784 E.
1431 1774 1464 1777 —

133 1793 193 1827 lb,
220 1792 238 1821 2
259 1795 300 1823 Ut
321 1795 354 1822 Β.
376 1809 412 1813 -
435 1794 494 1827 3a,
527 1794 540 1822 l
564 1795 642 1822 Mira
671 1796 735 1822 eius
768 1796 824 1822 fuit
846 1796 879 1822 A.
903 1810 935 1814 —
960 1793 1023 1825 3b.
1054 1795 1066 1822 l
1090 1796 1163 1823 Tela
1186 1796 1293 1831 perfert
1315 1798 1353 1825 A:
1378 1805 1465 1830 saepe

130 1833 205 1860 fehlt
226 1833 260 1860 A.
283 1849 320 1853 —
341 1831 399 1868 3b,
421 1833 439 1861 2
460 1842 560 1870 pugna
580 1843 633 1861 nee
655 1836 786 1862 vincitur
807 1836 840 1861 A.
863 1849 899 1854 —
920 1834 975 1865 612.
998 1833 1015 1861 2
1038 1835 1125 1862 refert
1147 1836 1179 1861 Β.
1198 1849 1233 1853 -
1249 1838 1307 1861 ΜΓ.
1330 1834 1375 1861 Ta
1397 1844 1423 1861 u.
1448 1836 1463 1862 b

130 1871 231 1900 fehleu
261 1873 294 1900 B.
324 1887 360 1892 —
389 1873 448 1901 Str.
479 1872 526 1901 Sa
558 1882 585 1900 u.
618 1873 636 1900 b
669 1873 770 1901 fehlen
802 1874 861 1901 AB.
894 1890 930 1893 —
958 1874 1015 1900 Str.
1050 1872 1113 1901 10a
1138 1883 1165 1901 u.
1193 1875 1209 1900 l»
1240 1874 1337 1901 fehlen
1364 1875 1395 1900 Α.
1428 1890 1464 1893 —

131 1910 188 1938 Str.
214 1910 245 1938 11
268 1919 287 1938 a
307 1920 336 1938 u.
357 1912 376 1939 b
397 1912 496 1940 fehlen
521 1913 550 1938 Β.
565 1925 603 1931 -—
621 1910 653 1939 ll
671 1913 698 1943 b,
721 1911 738 1939 2
758 1912 830 1940 Inde
851 1913 915 1940 eius
938 1916 1069 1939 sanctam
1087 1914 1120 1940 Α.
1137 1927 1172 1931 -
1192 1911 1226 1940 12
1238 1922 1264 1945 a,
1286 1913 1303 1938 :⁷2
1319 1913 1464 1939 Gloriari>-

129 1958 196 1977 eum
223 1951 358 1987 gravatis
388 1951 421 1978 B.
443 1967 479 1971 —-
506 1951 635 1978 Melodie
658 1951 833 1986 jedensalls:
863 1952 991 1979 Lauda
1021 1953 1130 1985 5ion3
1161 1954 1191 1979 in
1220 1953 1243 1978 A
1268 1951 1374 1986 jedocli
1399 1953 1464 1978 eine

131 1989 250 2016 andere.

157 2184 220 2218 la.

153 2369 218 2401 2a.

547 2094 595 2126 50.
638 2095 679 2126 De
701 2103 724 2125 s.
747 2093 880 2125 Antonio
904 2093 1058 2125 Eremita.

254 2184 379 2217 Chorus
397 2188 508 2217 noster
525 2188 653 2226 promat
671 2194 766 2217 voces

250 2233 293 2266 Et
320 2233 435 2266 attolat
462 2233 523 2266 Dei
551 2233 643 2266 dotes

299 2282 337 2314 Iu
364 2282 500 2314 Antonii
525 2282 688 2321 laudibuS,

251 2368 380 2407 Carnis,
408 2369 520 2400 mundi
546 2368 719 2408 zabulique

249 2417 334 2449 Voto
361 2415 450 2458 forti,
476 2421 545 2449 toto
572 2417 671 2448 corde

299 2465 497 2507 Spernamus
523 2464 681 2507 fallacias,

852 2185 918 2218 lb.

951 2185 1025 2217 Vita
1051 2185 1140 2216 cuius
1168 2189 1199 2215 et
1227 2185 1373 2217 doctrina

947 2233 1048 2265 Nobis
1075 2233 1179 2273 patuit
1205 2233 1341 2270 sentina,

999 2281 1042 2314 Ut
1067 2281 1143 2312 totis
1171 2281 1344 2312 virtutibus

854 2368 920 2402 2b.
955 2367 1072 2405 Corde,
1100 2368 1206 2398 animo
1233 2376 1271 2398 ac
1297 2371 1403 2398 mente

950 2416 1148 2456 Linquentes
1174 2415 1244 2446 zelo
1271 2414 1416 2446 fervente

999 2464 1154 2504 Corporis
1182 2464 1325 2496 delicias.
