1655 2713
754 153 1015 189 —194—

255 255 319 287 3³.
350 254 490 286 Claudus
516 254 590 285 salit
616 256 647 283 et
672 253 818 294 laetatur,

348 302 546 333 Adulescens
572 300 744 332 suscitatur

395 351 507 382 Custos
534 348 727 380 monasterii.

252 437 315 467 4a.
348 435 437 465 Votis
464 434 539 464 illuc
566 431 827 472 conscendamus,

345 481 600 513 Conscendentes
625 479 817 520 gaudeamus

345 529 387 560 Et
413 528 587 567 gaudentes
614 536 815 568 erumpamus

394 577 428 607 ln
454 576 582 606 laudum
610 576 790 614 praeconia.

251 665 312 694 5a.
344 661 407 692 Vas
435 662 569 702 insigne,
596 671 651 693 vas
678 662 817 701 honoris,

344 709 526 748 Incorrupti
553 708 611 740 fios
635 710 754 749 odoris,

341 757 525 788 Honestatis
551 766 588 788 ac
613 757 745 796 pudoris

391 804 538 836 Formam
562 805 693 844 praebet
712 805 850 837 saeculo.

248 893 307 922 6³.
338 891 363 922 Ο
390 890 539 930 Maglori.v
567 895 640 921 voto
666 891 735 929 pari

340 938 386 968 Te
415 939 579 969 studemus
606 939 762 976 venerari,

342 985 426 1016 Dum
452 994 615 1016 versamur
632 986 664 1016 in
682 985 741 1016 hoc
763 986 854 1027 mari,

343 1033 412 1063 Tua
438 1033 530 1064 nobis
557 1032 723 1072 suffragari

392 1080 549 1120 Dignetur
574 1081 752 1113 clementia.

941 250 1002 284 3b.
1033 250 1087 282 Ad
1115 258 1213 290 regna
1239 249 1368 281 siderea

1036 298 1132 330 Scala
1158 301 1249 338 patet
1274 306 1371 329 aurea

1082 345 1212 377 Meritis
1239 344 1400 385 Maglorii.

937 431 999 465 4b.
1032 430 1065 463 Si
1091 431 1162 471 quis
1180 435 1289 462 votum
1308 430 1394 463 vovit
1413 433 1550 467 rectum,

1033 480 1114 510 Voto
1139 478 1232 510 dabit
1257 478 1308 510 hic
1333 477 1491 516 effectum,

1029 527 1090 567 Qui
1116 536 1171 558 vas
1197 526 1258 558 Dei
1283 526 1500 566 praeelectum

1079 575 1154 607 Fuit
1181 574 1222 606 ab
1248 573 1398 606 infantia.

938 660 1001 694 5b.
1034 661 1191 701 virginali
1218 670 1356 693 vernans
1380 661 1458 694 flore

1033 709 1146 741 Caelos
1173 710 1273 749 replet
1300 708 1351 739 hic
1376 712 1486 751 odore,

1032 757 1150 797 Regem
1180 766 1312 788 cernens
1338 757 1370 788 in
1398 759 1514 791 decore

1081 806 1197 837 Mundi
1225 804 1330 837 cordis
1358 807 1460 838 ocu10.

939 890 1001 923 6b.
1037 891 1130 922 Circa
1157 893 1489 932 gregemspiritalem

1035 939 1149 970 Curam
1177 948 1252 979 gere
1278 941 1484 982 pastoralem,

1036 986 1101 1018 Nos
1127 987 1168 1018 ad
1195 992 1314 1019 terram
1340 990 1522 1028 pascualem

1034 1034 1082 1065 Tu
1116 1043 1174 1074 per
1207 1035 1289 1066 viam
1317 1036 1378 1068 duc
1404 1038 1545 1078 regalem

1084 1082 1149 1113 Suh
1177 1082 1296 1114 Christi
1323 1086 1479 1118 custodia.

300 1165 415 1192 Prosar.
444 1174 496 1191 ms.
528 1165 694 1192 Parisiense
722 1174 796 1192 saec.
827 1164 898 1192 ¹3l1⁴.
926 1167 997 1193 Cod.
1019 1168 1171 1194 Commun.
1192 1169 1336 1195 Assisien.
1365 1168 1428 1196 695.
1452 1171 1486 1197 A.
1506 1185 1544 1189 ——

222 1203 305 1229 Miss.
338 1212 389 1229 ms.
413 1204 697 1238 Sammaglorianum
728 1213 803 1231 saec.
834 1203 876 1231 15.
906 1205 945 1231 in.
967 1204 1036 1232 Cod.
1063 1206 1190 1232 Parisin.
1218 1210 1319 1233 Arsen.
1350 1206 1414 1235 623.
1441 1210 1474 1236 Β.
1503 1224 1539 1227 -

223 1241 332 1275 Hymn.
365 1245 393 1267 et
425 1241 539 1268 Prosar.
572 1251 623 1267 ms.
654 1242 878 1269 Mai-chiauense
909 1251 984 1270 saec.
1018 1242 1060 1270 15.
1093 1244 1162 1271 Cod.
1190 1245 1320 1272 Duacen.
1354 1244 1417 1273 123.
1444 1248 1475 1275 C.
1503 1263 1540 1267 —

224 1279 345 1306 Collect.
379 1288 431 1305 ms.
464 1280 645 1306 Victorinum
677 1288 752 1307 saec.
787 1279 828 1307 15.
861 1278 918 1315 [13.
953 1280 1009 1317 16.]
1039 1282 1108 1308 Cod.
1135 1283 1260 1310 Parisin.
1296 1282 1406 1312 14872.
1438 1287 1473 1312 D.
1502 1301 1540 1306 —

222 1315 281 1349 2a,
307 1315 324 1343 2
349 1317 522 1344 Translatus
550 1318 585 1343 de
613 1318 701 1353 Sagia
736 1319 772 1345 D.
793 1334 829 1337 —
852 1318 913 1351 4³,
941 1318 958 1346 *2
985 1320 1183 1347 Ascendentes
1211 1322 1246 1348 D.
1270 1337 1304 1340 —
1326 1323 1384 1350 Cfr.
1406 1323 1539 1357 Gautier,

221 1355 275 1381 Ad.
297 1355 331 1382 de
354 1356 383 1382 S.
406 1356 514 1386 Victor.
541 1355 563 1382 l.
587 1356 630 1382 ed.
653 1357 689 1385 11.
712 1366 738 1391 p.
761 1355 824 1384 293.

581 1496 639 1526 216.
680 1496 713 1526 ln
735 1496 953 1528 Translatione
975 1506 998 1528 s.
1021 1498 1171 1530 Marcelli.

248 1585 306 1618 la.
339 1584 464 1624 Gaude,
491 1594 625 1624 superna
654 1586 774 1627 civitas,
934 1587 994 1621 lb.
1026 1589 1199 1621 Adcrescit
1227 1591 1286 1622 tibi
1311 1592 1461 1633 dignitas,

390 1632 481 1663 Nova
492 1632 697 1672 frequentans
705 1634 846 1673 cantica;
1074 1637 1242 1670 Murorum
1273 1641 1374 1680 surgit
1403 1640 1536 1674 fabrica.

245 1717 305 1750 2a.
336 1717 444 1748 Faber
469 1724 499 1749 et
525 1717 606 1750 fabri
633 1719 716 1750 filius
932 1721 994 1754 2b.

340 1765 385 1796 Te
412 1770 593 1797 restaurant
618 1767 650 1798 iu
676 1767 806 1806 melius3

1025 1722 1125 1755 Fabri
1151 1734 1239 1757 mens
1266 1731 1296 1758 et
1322 1727 1482 1760 industria

1027 1771 1161 1803 Relucet
1186 1774 1219 1804 in
1244 1776 1387 1808 materia.

245 1852 304 1883 3a.
336 1852 372 1883 In
399 1856 454 1883 tua
479 1853 593 1884 transit
620 1855 743 1886 moenia
931 1857 994 1890 3b.
1026 1858 1098 1889 Tibi
1127 1869 1280 1898 praesens
1307 1864 1443 1896 ecclesia

390 1900 578 1939 Marcellus,
605 1911 729 1941 gemma
754 1913 847 1942 prae·
1075 1908 1264 1940 Praesentat
1291 1910 1374 1942 hunc
1400 1913 1538 1945 carbun-

578 1949 699 1990 sulum3
1251 1958 1366 1992 culum.

245 2034 302 2064 43.
336 2032 458 2064 Chorus
485 2035 632 2066 concordi
660 2036 774 2075 spiritu
929 2038 992 2071 4b.
1023 2039 1110 2071 Grex
1138 2043 1279 2080 pastoris
1305 2046 1460 2079 miracula

342 2081 463 2112 Psallat
487 2081 519 2112 in
545 2082 611 2113 eius
637 2084 793 2125 transitu,
1020 2087 1186 2121 Retractet
1209 2096 1314 2124 mente
1339 2094 1463 2128 sedula.

243 2170 263 2200 5
274 2177 303 2199 a.
334 2167 416 2199 Dum
427 2166 457 2198 fe
463 2177 549 2199 rrum
558 2169 696 2201 candens
704 2171 863 2210 ponderat

934 2173 996 2206 5b.
1028 2174 1177 2208 Calorem
1204 2182 1291 2210 tactu
1316 2185 1486 2223 temperat,

381 2216 501 2247 Adhuc
527 2221 632 2248 aetate
657 2223 778 2261 tenera,

1076 2223 1170 2256 Ferri
1197 2227 1355 2265 praedicit
1382 2232 1537 2270 pondera.

243 2304 303 2335 6a.
335 2302 418 2334 Dum
438 2311 549 2335 servus
568 2304 687 2336 Christi
705 2307 848 2345 praesuli
932 2309 994 2341 6b.
1025 2309 1095 2341 Nec
1129 2312 1232 2344 minus
1263 2319 1310 2346 est
1337 2316 1538 2359 miraculum,

386 2351 553 2384 Ministrat
577 2361 678 2392 aquae
703 2354 845 2397 calicem,
1075 2359 1165 2397 Quod
1193 2363 1337 2394 succedit
1363 2365 1395 2396 in
1412 2368 1539 2406 ordine,

339 2398 484 2431 Christus
512 2401 553 2432 ad
579 2401 706 2433 laudem
729 2403 847 2435 servuli
1024 2405 1106 2437 Dum
1127 2406 1234 2441 ferens
1252 2419 1354 2451 aquae
1373 2416 1539 2449 vasculum

384 2448 494 2480 Mutat
519 2448 551 2480 in
578 2449 684 2481 vinum
706 2450 845 2485 laticem.
1073 2455 1191 2488 Haurit
1203 2458 1341 2492 chrisma
1352 2461 1538 2500 deflumine.
