1655 2713
701 147 936 182 ,88-

186 244 246 276 33.
283 243 344 275 Dic
370 243 498 276 Christo
524 253 582 284 pro
607 244 697 276 nobis

282 300 403 331 preces,
430 295 523 333 pater
548 293 666 324 inclite.

281 339 435 380 Sepulcro
442 349 556 379 corpus
564 340 786 372 commendans

279 387 418 427 Helisea,
444 388 557 419 mulier

278 435 339 466 iam
367 439 486 467 sancta.

184 540 205 569 4
217 548 244 570 a.
282 539 481 570 Credendum
493 544 541 570 est
548 540 634 579 pium
642 544 784 572 nostrum

278 591 308 617 te
335 586 402 617 fore
429 592 614 626 patronum;

277 643 327 674 θη,
353 643 409 665 nos
435 639 466 665 et
492 640 600 667 nostra

276 682 368 713 simul
394 691 555 717 conserva.

870 244 932 278 3b.
967 245 1132 286 Angelicis
1156 246 1248 278 stolis

965 293 1090 325 ornaris
1114 297 1145 325 et
1169 295 1309 328 coronis,

964 340 1113 373 Surrexit
1137 345 1226 374 astra
1247 342 1480 384 conscendens,

964 393 1072 421 terrea
1097 399 1219 422 summo
1245 391 1314 432 regi

964 438 1200 471 commendans.

867 541 929 576 4b.
965 541 1469 578 Scimuschristumlocumistum

963 595 995 621 et
1020 591 1104 622 ovile
1129 596 1218 624 tuum

963 646 1022 677 per
1048 647 1160 678 preces
1186 644 1257 672 tuas

962 694 1090 726 semper
1115 688 1207 720 tueri.

234 785 315 811 Miss.
343 795 394 812 ως.
417 786 645 814 Sanblasianum
674 796 749 815 saec.
778 787 821 816 15.
844 789 913 817 cod.
936 791 1059 818 Paulan.
1088 789 1133 818 25.
1156 791 1182 819 2.
1204 791 1230 820 2.
1252 794 1343 827 (Blas.
1365 795 1472 822 memb.

157 820 211 855 64).
234 824 267 849 A.
289 838 325 842 —
346 823 426 851 Miss.
450 834 501 851 ms.
523 826 752 853 Sanblasianum
775 829 843 854 anni
868 827 947 856 1482.
970 829 1039 856 Cod.
1055 830 1179 858 Paulan.
1203 829 1248 859 25.
1272 830 1296 859 2.
1322 831 1366 860 15.
1379 833 1472 866 (Blas.

158 861 261 888 memb.
289 860 343 892 61).
372 864 404 889 B.
432 877 468 881 —
498 862 529 894 1,
556 862 574 890 2
601 865 753 892 immolant
780 867 812 893 B.
834 883 866 886 —
890 868 955 894 Den
983 868 1100 904 Anfang
1125 869 1220 897 dieser
1241 871 1376 907 Sequenz
1405 871 1472 898 teilt

158 899 287 926 Kebrein
307 901 361 926 mit
381 904 465 928 unter
486 903 535 928 Nr.
557 900 621 928 525.

611 1062 658 1092 89.
700 1063 740 1093 De
761 1066 868 1094 sancto
895 1064 1012 1096 Brioeo.

182 1166 238 1198 la.
275 1166 495 1209 Iucundemur,

319 1223 409 1245 senes
435 1219 465 1245 et
491 1217 616 1255 parvuli

270 1261 513 1300 Adplaudentes

322 1309 412 1340 beato
439 1311 589 1349 praesuli,

319 1356 413 1388 Cuius
438 1362 547 1389 assunt

366 1408 475 1436 sancta
501 1406 677 1439 sollemnia.

179 1509 239 1539 2a.
275 1507 462 1540 Gratuletur

319 1559 420 1587 mater
446 1558 590 1593 ecclesia.

271 1603 392 1634 Tantae
417 1606 517 1644 prolis

317 1651 448 1691 insignis
474 1653 585 1696 gloria,

317 1698 394 1730 Tam
422 1699 507 1732 felici

365 1747 465 1779 ditata
491 1749 632 1789 pignore.

179 1850 236 1881 3a.
271 1850 329 1889 Qui
355 1851 483 1883 caelesti

317 1903 409 1930 natus
434 1901 564 1934 oraculo

268 1945 310 1976 Et
337 1947 475 1978 nutritus

315 2003 333 2024 a
359 1999 460 2026 matre
485 1997 596 2028 sedulo

314 2041 371 2072 Est
399 2044 584 2076 commissus

362 2090 521 2124 Germano
547 2094 704 2132 praesuli;

171 2196 229 2226 4a.
265 2193 462 2227 Informatur

317 2243 432 2275 divinis
458 2245 574 2277 litteris

265 2291 307 2322 Et
334 2291 365 2322 in
392 2301 486 2324 sensu

314 2340 512 2379 praecellens
537 2343 662 2381 ceteris,

311 2388 451 2427 Quantus
478 2394 547 2421 erat

362 2435 497 2477 futurus,
524 2438 638 2472 innuit.

864 1173 880 1204 1
895 1172 924 1205 b.
961 1173 1171 1205 occurramus

1004 1226 1114 1253 sancto
1140 1223 1284 1262 pontifici

958 1269 1120 1308 Spiritalis

1005 1317 1036 1347 in
1063 1318 1157 1348 laude
1184 1320 1299 1350 cantici

1010 1363 1134 1404 Cordis,
1162 1366 1226 1397 oris

1052 1413 1123 1451 pari
1149 1415 1332 1449 concordia.

864 1514 928 1548 2b.
964 1515 1025 1547 Hic
1052 1521 1098 1547 est
1125 1518 1208 1549 enim

1010 1565 1136 1604 praesul
1163 1566 1320 1609 Briocius,

958 1610 1053 1643 Cuius
1079 1616 1182 1644 ortum

1005 1660 1151 1691 caelestis
1177 1663 1306 1694 nuntius

1005 1707 1110 1739 Multo
1135 1713 1209 1740 ante

1050 1757 1213 1795 praedixit
1238 1762 1394 1800 tempore.

863 1858 926 1891 311.
962 1859 1015 1890 Ad
1042 1859 1220 1894 docendum

1006 1908 1120 1940 missus
1148 1911 1290 1944 Parisius

959 1955 1143 1996 Adoptatur

1005 2003 1164 2037 Germano
1191 2005 1285 2046 filius,

1005 2050 1189 2092 Suscipiens

1052 2109 1167 2133 nomen
1194 2101 1355 2144 discipuli.

857 2202 920 2237 4b.
951 2203 1078 2245 Liquet,
1105 2211 1241 2246 quantus

1002 2257 1077 2284 tunc
1103 2263 1184 2294 puer
1209 2254 1307 2289 fuerit

952 2300 996 2331 Et
1020 2301 1053 2332 in
1081 2309 1232 2342 quantam

1002 2348 1151 2382 virtutem
1176 2355 1328 2394 creverit,

1002 2398 1081 2430 Cum
1106 2408 1237 2432 urceum

1051 2448 1137 2487 patri
1162 2450 1314 2485 restituit.
