1655 2713
704 158 751 162 —
801 138 871 174 239
923 159 963 164 —

595 232 660 263 267.
702 233 744 264 De
765 235 873 265 sancto
893 232 1077 273 Peregrina.

195 318 255 352 la.
284 317 410 360 Gaude,
437 320 530 360 plebs
554 322 701 363 Anti-ica,
892 323 955 358 1b.
987 325 1082 358 Solve
1108 330 1162 358 tuo
1187 327 1272 367 patri

286 368 387 408 Quam
414 366 503 401 fraus
529 370 659 403 inimica
988 374 1126 414 Laudes,
1154 375 1242 406 cuius
1267 376 1331 407 atri

290 416 456 456 Quondam
483 417 542 449 sub
569 419 700 459 antiqua
984 424 1014 454 A
1043 423 1155 455 vinclis
1182 423 1325 455 barathri

339 463 479 506 [Vinxit]
508 466 681 510 idolatria3
1032 471 1174 503 Solveris
1199 472 1370 506 industria.

191 559 252 592 2a.
283 558 351 592 Nos
377 569 503 601 quoque
528 562 644 603 singuli
884 566 947 600 2b.
980 567 1076 599 Cuius
1100 568 1283 607 praesentia

288 607 446 640 Canamus
472 610 577 642 seduli
982 614 1158 647 Conferens
1185 616 1302 656 gaudia

288 655 456 690 Praesenti
481 659 623 698 praesuli
982 662 1063 702 Spes
1090 669 1121 695 et
1147 664 1272 696 laetitia

335 705 503 738 Canticum
530 707 684 746 laetitiae,
1029 711 1212 744 Praesentis
1239 714 1404 746 ecclesiae.

190 801 250 834 3a.
284 799 414 834 Gaudet
438 802 515 834 urbs
541 803 686 835 Romana
884 805 949 840 3b.
982 806 1087 847 Magis
1113 808 1291 840 Autricana

333 850 432 882 Partu
457 855 566 883 tantae
591 852 702 891 prolis,
1025 855 1088 886 Diu
1114 859 1203 887 tenta
1230 857 1323 893 dolis,

284 898 353 937 Qua
380 898 511 930 deorum
538 897 614 930 fana
978 904 1045 941 Qua
1071 903 1255 944 relinquens
1282 915 1363 937 vana

335 945 461 978 Cadunt
487 955 558 978 cum
584 947 699 986 idolis;
1025 951 1138 982 Iuncta
1165 952 1378 986 Christicolis,

185 1042 246 1073 4a.
278 1041 372 1073 Hunc
399 1041 507 1073 Sixtus
534 1042 674 1074 destinat
881 1045 944 1079 4b.
977 1045 1182 1087 Granumque
1209 1049 1343 1080 seminat

329 1089 382 1120 Ad
408 1096 518 1129 partes
545 1089 681 1132 Galliae,
1028 1095 1133 1126 Verbo
1159 1097 1362 1137 prudentiae,

279 1137 379 1176 Quem
405 1137 459 1169 lux
486 1137 648 1170 illuminat
976 1142 1150 1174 Daemonis
1177 1145 1328 1177 terminat

331 1185 488 1218 Caelestis
514 1187 649 1226 gratiae,
1026 1191 1170 1224 Fraudes
1199 1194 1370 1233 nequitiae.

186 1282 247 1313 5a.
280 1281 402 1313 Diebus
428 1282 573 1323 singulis,
884 1285 943 1319 5b.
974 1287 1086 1319 Lictor
1109 1288 1141 1319 in
1166 1290 1301 1321 vinculis

332 1329 494 1362 Christum
522 1331 596 1363 dum
617 1332 797 1373 praedicat,
1028 1335 1207 1376 Martyrem
1234 1339 1378 1378 implicat

282 1377 398 1410 Poenis
423 1388 487 1411 non
513 1380 652 1411 modulis
978 1383 1186 1424 Tandemque
1212 1387 1371 1425 praesulis

329 1425 481 1458 Afflictus
509 1427 651 1462 dimicat.
1029 1432 1064 1463 ln
1092 1438 1188 1472 caput
1216 1435 1368 1469 vindic-at.

181 1523 243 1555 6a.
275 1522 301 1554 O
329 1522 512 1563 Peregrine,
877 1526 941 1560 6b.
974 1528 1075 1560 Prece
1102 1529 1219 1561 decora

276 1570 405 1610 Martyr
430 1571 577 1612 benigne,
972 1576 1115 1608 Iudicem
1143 1587 1208 1620 ora,

277 1618 386 1650 Servis
410 1619 444 1651 in
470 1619 533 1652 fine
972 1624 1073 1656 Nobis
1099 1626 1238 1665 implora

324 1667 501 1708 Impetrato
529 1669 664 1709 veniam,
1019 1674 1124 1705 verae
1153 1675 1232 1706 lucis
1258 1677 1393 1716 copiam.

232 1757 315 1784 Miss.
338 1768 391 1785 ms.
413 1759 442 1786 S.
464 1760 604 1794 Dionysii
627 1770 705 1788 saec.
729 1760 774 1789 14.
798 1762 868 1790 Cod.
890 1763 1018 1791 Parisin.
1044 1763 1125 1793 1107.
1142 1783 1176 1786 —
1196 1766 1248 1798 la,
1275 1766 1286 1793 1
1310 1768 1436 1795 Autrita.
1451 1785 1487 1787 —

151 1793 216 1829 3b¹
253 1795 267 1823 1
290 1797 438 1825 Atrimna.
458 1813 495 1817 —-
517 1798 582 1832 312,
608 1798 625 1826 2
647 1803 738 1827 tanta.
760 1815 796 1820 —
817 1800 880 1835 5b,
907 1801 918 1829 1
942 1804 1035 1830 Litor.
1056 1819 1093 1823 —-
1115 1803 1176 1837 61],
1198 1805 1215 1832 2
1238 1806 1347 1833 Indicis
1369 1817 1428 1834 ura.
1451 1823 1487 1826 —

150 1834 295 1909 {deloggift
323 1836 396 1864 Ave
423 1838 544 1865 Maris
579 1837 885 1875 stella,'Mellis
921 1843 1020 1870 caeli
1056 1844 1153 1871 cella
1179 1845 1275 1876 (Anal.
1305 1847 1413 1880 Hymn.
1436 1848 1485 1880 lx,

180 1882 202 1901 r.
274 1896 278 1900 .
456 1890 460 1894 -

617 1983 684 2014 268.
726 1983 768 2014 De
789 1986 898 2016 sancto
920 1985 1020 2017 Petro.

172 2070 234 2103 la.
264 2070 386 2110 Pasce,
413 2072 518 2115 Petre,
548 2082 624 2105 oves
651 2074 782 2117 Christi,
867 2076 928 2110 lb.
962 2077 1010 2110 Tu
1037 2087 1070 2110 es
1097 2084 1190 2119 petra
1218 2079 1431 2114 fundamenti.

267 2119 352 2159 Quas
376 2120 410 2152 in
437 2129 514 2153 cura
539 2122 722 2163 suscepisti,
964 2126 1012 2158 Tu
1039 2128 1185 2159 columna
1211 2129 1416 2169 firmamenti7

268 2167 351 2200 Nam
376 2178 396 2201 a
421 2169 550 2202 Christo
578 2170 733 2213 didicisti,
964 2174 1075 2207 Firma
1102 2176 1201 2208 robur
1227 2182 1356 2210 nostrae
1381 2179 1479 2210 menti

312 2216 404 2256 Quod
431 2218 476 2250 sis
502 2222 615 2259 pastor
639 2219 757 2254 ovium.
1013 2224 1116 2256 Tuum
1143 2234 1202 2265 per
1228 2225 1421 2259 subsidium.

169 2309 233 2343 2a.
265 2309 382 2344 Claves
407 2311 499 2351 caeli,
527 2312 634 2349 Petre,
661 2311 758 2352 geris,
868 2314 932 2348 2b.
964 2315 1136 2348 Plenitudo
1163 2320 1358 2356 potestatum

265 2358 410 2400 Regnum
429 2360 550 2393 Christi
573 2360 783 2403 promereris,
965 2364 1037 2396 Tibi
1066 2364 1171 2403 datur,
1200 2368 1230 2396 et
1257 2370 1306 2397 est
1332 2370 1447 2409 ratum,

265 2407 353 2440 Dum
384 2409 425 2441 de
451 2408 581 2442 Christo
607 2408 797 2452 confiteris„
820 2444 833 2449 „
964 2413 1126 2453 Quidquid
1155 2414 1247 2455 ligas,
1275 2420 1325 2447 est
1343 2415 1476 2456 ligatum

313 2457 405 2497 Quod
431 2458 473 2490 sit
498 2457 561 2490 Dei
587 2456 684 2490 filius.
753 2499 762 2504 -
823 2482 829 2488 .
1012 2461 1072 2493 Dei
1101 2462 1205 2494 vinclo
1233 2463 1363 2497 firmius.
