1655 2713
151 695 221 726 2a.

158 987 222 1020 3a.

151 1184 220 1217 4a.

153 1384 219 1414 5a.

152 1627 217 1660 fia.

681 146 918 183 —37—

477 307 524 338 33.
564 308 599 339 ln
623 307 846 340 Translatione
867 315 892 338 s,
913 305 1111 338 Anastasius.

635 399 666 432 1.
695 399 836 430 Verbum
862 398 976 430 salutis

693 447 829 479 Missum
857 447 897 478 de
923 446 1020 478 caelis

694 493 824 526 Transit
850 495 893 527 ad
918 499 1038 534 gentes,

692 543 863 575 Illustrans
889 547 1012 574 mentes

741 591 838 624 Alma
865 591 1023 623 doctrina.

256 691 456 733 Spreverunt
481 692 581 724 verba
607 692 692 732 regis

252 741 384 773 Alumni
411 741 540 781 priscae
566 741 665 780 legis3

255 789 310 821 Sic
336 790 434 821 micas
456 789 612 828 colligunt
636 791 748 828 gentes

254 838 373 870 Panem
401 837 571 868 caelestem
598 836 730 868 edentes

304 884 368 916 Sed
395 884 426 915 in
453 884 568 924 gratia.

254 985 347 1018 Hanc
366 988 475 1016 natam
494 985 581 1016 claro
599 986 768 1016 stemmate

250 1033 434 1074 Sequuntur
461 1033 604 1072 divitiae,
631 1041 713 1072 quae

302 1083 383 1114 Sunt
409 1081 450 1113 de
474 1080 575 1112 nobili
601 1080 764 1120 prosapia,

251 1183 474 1216 Oblectamina
499 1181 661 1214 mundana

250 1232 401 1264 ludicans
428 1231 534 1262 omnia
561 1239 644 1262 vana

299 1278 504 1312 Confusionis
530 1278 672 1310 triclinia

250 1382 280 1413 A
306 1381 514 1421 Chrysogono

250 1429 331 1461 bene
357 1429 485 1460 erudita
511 1432 543 1460 et
568 1428 600 1459 in

252 1478 380 1511 Christo
406 1477 587 1508 illuminata
614 1480 662 1508 est

248 1526 441 1566 Anastasia3

249 1626 301 1658 Ad
329 1625 491 1658 Gradatas
517 1627 627 1666 Aquas

249 1674 383 1706 calicem
411 1674 569 1714 passionis

249 1722 364 1755 bibens
388 1722 480 1754 miles
507 1722 627 1754 Christi

249 1772 283 1803 in
307 1771 551 1812 perseverantia

148 1874 168 1906 7
183 1882 213 1905 a.
244 1872 295 1905 Ibi
320 1873 481 1905 aethereis
508 1872 646 1913 dapibus

151 2122 216 2155 Sa.

248 1931 307 1963 per
333 1921 403 1953 dies
429 1921 502 1962 plus
527 1921 661 1963 triginta

247 1969 444 2011 pascebatur

247 2019 280 2051 in
307 2018 556 2060 magnificentia.

247 2121 376 2154 Deinde
401 2120 524 2153 insulas

246 2170 408 2211 attingens
435 2169 616 2202 Palmarias

246 2218 327 2250 haec
352 2218 621 2250 christianissima

247 2267 365 2308 gaudio
391 2267 499 2307 plena,

143 2369 169 2402 9
183 2377 213 2402 a.
243 2368 424 2400 Ascensum
447 2374 646 2408 purpureum
672 2366 706 2398 in

245 2415 370 2448 ferculo
394 2415 481 2457 regis

246 2465 407 2499 scandens
433 2467 548 2497 ornata

854 693 874 724 2
890 691 920 724 b.
953 691 1038 724 Hinc
1049 690 1140 722 multi
1153 690 1276 730 prelum
1288 689 1460 727 calcantes,

852 985 917 1016 3a.

850 1181 918 1214 4b.

850 1378 917 1412 5b.

849 1624 916 1658 fib.

849 1871 915 1906 7b.

847 2120 914 2154 8b.

847 2364 915 2398 ab.

952 739 1112 772 Christum
1140 747 1268 777 passum
1288 737 1461 777 imitantes,

952 787 1033 818 Vina
1060 785 1199 816 fundunt
1225 784 1383 824 rubentia,

949 835 1036 874 Quae
1062 833 1183 864 habent
1209 843 1324 872 magna
1347 833 1462 864 merita

995 883 1033 914 In
1059 881 1243 913 Anastasia.

948 984 1032 1023 Quas
1067 982 1260 1023 dispensans
1287 982 1461 1013 carceratis

950 1033 1010 1064 Pro
1039 1031 1122 1062 dono
1143 1030 1346 1062 aeternitatis

996 1078 1167 1110 Felicitate
1194 1082 1362 1119 perpetua,

950 1181 1035 1212 Ante
1063 1189 1097 1211 se
1124 1180 1210 1211 misit
1236 1179 1347 1211 habita

947 1229 991 1262 Ut
1019 1229 1192 1260 Ierusalem
1220 1228 1287 1259 filia

995 1278 1032 1308 In
1058 1281 1191 1309 aeterna
1216 1277 1437 1309 tabernacula.

949 1379 1121 1410 Alimoniis

943 1431 975 1458 et
1001 1427 1273 1458 consolationibus

946 1476 977 1506 in
1006 1475 1142 1506 vinculis
1170 1474 1339 1507 fovebatur

947 1521 1033 1565 [ille]
1060 1523 1100 1554 ab
1127 1532 1175 1556 ea.

947 1624 1092 1656 Maxima
1118 1634 1176 1664 pro
1205 1624 1332 1657 Christo

945 1671 1122 1705 afflictione
1149 1674 1288 1705 carceris

944 1722 1120 1753 includitur
1147 1721 1242 1753 beata

945 1770 1128 1803 Anastasia.

946 1872 1023 1904 Post
1038 1872 1117 1905 haec
1133 1873 1208 1904 navi
1223 1877 1356 1912 pertusa
1367 1873 1461 1904 iussit

943 1921 1040 1952 iudex
1067 1930 1137 1952 eam
1167 1931 1235 1953 cum
1265 1922 1373 1953 multis

945 1970 1133 2010 dimersari3

944 2019 1000 2050 sed
1028 2018 1131 2050 evasit
1158 2019 1284 2051 illaesa.

948 2120 1062 2160 Ibique
1087 2121 1264 2160 suscipitur

943 2178 963 2200 a
989 2169 1098 2200 multis
1125 2169 1284 2209 religiosis

945 2217 1103 2249 exsiliatis

946 2274 1017 2296 cum
1045 2265 1179 2297 laetitia.

948 2365 1098 2397 Induitur
1124 2363 1266 2399 feliciter

947 2422 1044 2446 cocco
1071 2413 1120 2445 bis
1146 2414 1247 2446 tincto

946 2462 1138 2495 illuminata.
