1655 2713
783 179 854 215 233

564 290 632 321 260.
674 291 716 322 De
738 294 848 324 sancto
868 293 1069 325 Pantaleone.

173 376 232 408 la.
263 372 302 409 In
329 378 482 409 concordi
508 381 647 412 melodia

169 607 230 639 2a.
264 604 357 640 Hanc
380 610 560 649 prophetae
586 612 781 651 cecinerunt,

167 839 187 871 3
198 847 228 871 a.
259 836 341 872 Nam
349 840 543 872 mundanum
551 841 658 873 thema
665 851 779 873 vanum

269 423 396 466 Cordis,
424 426 490 457 oris
516 429 708 468 symphonia

269 472 486 512 Hymuizetur
511 485 588 507 voce
615 477 669 516 pia

315 520 376 553 Dei
403 522 584 561 miseratio;

267 655 477 689 Confessores
505 659 691 701 docuerunt,

267 704 494 745 Martyres-que
521 712 750 739 consenserunt

315 752 425 784 Sancti
452 763 520 786 cum
548 755 684 796 solacio3

263 887 494 920 Contemnebat
520 893 551 920 et
576 889 719 921 discebat

262 935 386 976 Dogma
413 937 480 968 veri
507 937 591 977 regis
618 936 679 969 feri

307 984 440 1016 Morans
466 985 498 1015 in
524 985 656 1024 palatio,

163 1069 226 1101 4a.
257 1065 346 1109 Ergo
371 1078 526 1108 spernens
553 1071 773 1110 paganismum

258 1116 302 1148 Et
316 1125 350 1148 se
364 1122 511 1148 sternens
525 1117 566 1149 ad
578 1117 771 1157 baptismum

258 1164 458 1204 Baptizatur,
487 1166 591 1197 undae
615 1166 711 1198 datur

305 1212 405 1244 Sacra
430 1214 605 1248 renovatio.

874 384 936 417 1b.
967 383 1040 417 Oda
1066 385 1162 417 caelis
1190 385 1267 418 haec
1294 386 1445 418 laudatur

868 613 931 648 2b.

965 433 1009 464 Et
1034 433 1067 464 in
1095 435 1191 465 terris
1218 434 1395 473 invocatur,

965 480 1028 512 Sed
1064 483 1095 514 in
1123 482 1206 514 Orco
1239 493 1301 515 non
1335 489 1478 516 moratur

1011 529 1100 561 Talis
1126 530 1297 564 invocatio.

965 613 1019 648 Ab
1052 616 1111 647 hac
1137 617 1264 656 quidam
1295 619 1475 661 decoratus,

963 663 1022 701 Qui
1050 664 1225 697 Pantaleon
1252 670 1394 705 vocatus,

963 711 1023 742 Illa
1050 721 1121 743 nam
1150 715 1387 753 cognominatus

1009 759 1094 790 Hinc
1117 761 1247 800 patebat
1277 763 1367 795 ratio.

861 844 927 878 3b.
960 841 1030 878 Non
1058 851 1206 885 renatus,
1241 848 1297 879 sed
1325 849 1471 880 hortatus

858 1072 920 1105 4b.

959 892 1040 924 Fide
1067 903 1143 925 sana
1172 895 1365 929 Christiana.

958 940 1143 979 Suscitavit,
1171 952 1262 982 quem
1283 946 1467 983 prostravit,

1005 990 1140 1028 Aspidis
1167 990 1299 1023 inflatio.

953 1071 1070 1107 Statim
1106 1075 1201 1107 fidem
1247 1078 1466 1119 praedicabat,

953 1123 1073 1154 caecos
1101 1124 1186 1154 idem
1213 1125 1408 1160 illustrabat,

953 1170 1079 1210 Corque
1105 1173 1207 1211 patris
1235 1174 1363 1212 plenum
1388 1175 1467 1206 atris

1001 1218 1097 1250 Lucis
1123 1220 1221 1252 intrat
1249 1222 1347 1255 natio.

158 1301 218 1331 5a.
250 1296 365 1332 Scorto
398 1298 547 1332 fraudum
581 1310 656 1341 rege
682 1302 768 1334 tristi
855 1304 916 1336 5b.
951 1303 1044 1338 Circa
1059 1307 1200 1338 lumbum
1215 1308 1339 1348 lampas
1356 1319 1465 1351 urens,

253 1348 318 1379 Iste
352 1348 483 1379 laudum
519 1349 618 1381 verbo
645 1350 767 1382 Christi
949 1354 1072 1385 I'lantis
1089 1355 1316 1396 plumbumque
1335 1358 1463 1390 combu-

253 1395 353 1428 Sauat
367 1396 529 1435 claudum,
545 1406 604 1438 per
618 1398 702 1438 quod
713 1399 767 1430 isti
1176 1413 1259 1442 rens,

299 1444 404 1476 Datur
431 1446 648 1480 tormentatio.
949 1449 1041 1481 Mare
1076 1460 1250 1494 summum,
1285 1458 1357 1492 post
1386 1454 1463 1485 haec

1174 1499 1283 1532 furens

997 1546 1180 1579 Bellum-um
1209 1550 1315 1581 statio.

155 1629 216 1662 6a.
250 1625 348 1662 Ortas
374 1627 518 1661 flammas
545 1639 607 1662 nnn
626 1631 767 1673 sentivit,
854 1632 916 1665 6b.
950 1631 1044 1667 Unde
1070 1635 1158 1666 mille
1184 1636 1362 1678 credidere,

254 1677 369 1710 Calens
383 1678 547 1718 plumbum
559 1679 688 1710 calcans
699 1680 768 1719 ivit,
950 1682 1148 1715 Occiduntur
1175 1694 1237 1716 una
1263 1684 1348 1721 fere;

253 1725 347 1757 Mare
373 1735 471 1766 supra
498 1727 686 1762 transilivit.
951 1731 1080 1768 Cruces,
1110 1736 1212 1764 rotam
1238 1743 1405 1773 paravere.

252 1773 337 1805 Huic
363 1773 504 1806 ferarum
531 1775 693 1807 oboedivit
948 1779 1017 1819 Qua
1043 1781 1207 1820 quingenti
1234 1783 1360 1821 periere

301 1822 430 1856 Rabida
455 1824 613 1866 gregatio.
997 1829 1035 1860 In
1063 1830 1219 1861 convallis
1245 1831 1360 1870 spatio.

154 1910 215 1944 7a.
247 1907 396 1943 Tandem
424 1916 554 1943 sanctus
575 1912 765 1953 decollatur,
857 1914 918 1947 7b.
953 1914 979 1948 0
1006 1925 1100 1956 quam
1120 1917 1228 1959 digna,
1257 1927 1351 1958 quam
1370 1918 1465 1951 beata

249 1959 351 1991 Lacte
376 1960 494 1992 collum
521 1961 687 2003 irrigatur,
948 1964 1117 1996 Miseratio
1144 1970 1267 2005 vocata,

249 2007 350 2048 Spata
375 2008 480 2048 primo
512 2009 708 2051 duplicatur,
949 2013 1037 2052 Quae
1065 2014 1254 2046 Pantaleoni
1282 2015 1377 2047 data!

249 2056 293 2089 Et
317 2057 444 2090 sicariis
471 2057 611 2090 dabatur
948 2062 1010 2094 Per
1036 2071 1129 2102 quam
1157 2063 1249 2094 nobis
1276 2065 1317 2095 sit
1346 2065 1464 2096 collata

294 2105 388 2138 Fidei
415 2106 548 2140 creatio.
996 2110 1082 2150 Iugis
1109 2112 1276 2145 exultatio.

207 2191 296 2219 Grad.
318 2200 370 2219 ms.
394 2191 556 2219 Sanctense
578 2201 654 2220 saec.
679 2191 723 2220 15.
747 2202 793 2220 ex.
814 2194 887 2222 eod.
909 2195 1046 2223 Sancten.
1069 2206 1091 2222 a.
1115 2206 1141 2223 u.
1164 2212 1201 2215 —
1226 2196 1280 2228 lb.
1306 2197 1317 2224 1
1342 2198 1406 2225 hoc.
1430 2214 1462 2217 —

126 2227 191 2264 6a,
217 2228 231 2257 1
254 2231 334 2258 tristi
355 2229 438 2258 fehlt.
460 2245 497 2249 —
518 2231 561 2258 Zu
584 2231 775 2267 vergleichen
799 2234 839 2260 ist
859 2233 907 2262 die
928 2237 1063 2270 ‚Sequenz
1084 2235 1221 2269 gleichen
1243 2237 1393 2272 Anfanges
1414 2239 1468 2264 aut*

125 2269 241 2297 Mariae
267 2269 495 2306 Heimsuchung
518 2269 616 2302 (Anal.
645 2269 756 2305 Hymn.
778 2271 821 2304 X,
850 2273 903 2300 Nr.
933 2271 988 2302 921.
1010 2288 1045 2292 —
1070 2274 1144 2301 Hier
1170 2275 1225 2301 wic
1253 2273 1320 2302 dort
1347 2277 1386 2302 ist
1411 2276 1464 2303 das

126 2307 244 2345 gleiche
264 2307 467 2336 Akrostichon
498 2309 710 2343 „Iohannes
739 2308 910 2339 Scouto“.
951 2313 1069 2339 Konnte
1099 2322 1131 2339 es
1153 2313 1218 2339 dort
1240 2314 1315 2340 noch
1337 2315 1464 2342 zweisel·

126 2346 192 2374 hast
215 2347 407 2380 erscheinen,
436 2348 473 2375 ob
495 2347 549 2375 das
570 2347 773 2375 Akrostichou
795 2350 849 2377 mit
872 2349 1054 2386 „Iohannes“
1080 2351 1217 2379 schliesse
1238 2353 1299 2379 und
1319 2353 1371 2380 der
1393 2354 1465 2381 Rest

126 2385 179 2413 der
198 2385 341 2414 Initialen
369 2386 495 2423 zusallig
515 2388 603 2414 einen
625 2386 788 2423 allerdings
809 2389 1059 2425 eigentiimlichen
1082 2390 1196 2417 Namen
1221 2392 1343 2427 ergebe.
1373 2401 1405 2420 so
1426 2394 1465 2420 ist

127 2424 226 2452 dieser
249 2424 370 2453 Zweifel
399 2425 492 2453 durch
519 2425 717 2453 vorstehende
739 2425 874 2463 Sequenz
902 2427 1047 2456 behoben.
1086 2429 1177 2456 Beide
1199 2429 1389 2465 Sequenzen,
1416 2432 1464 2460 die

127 2462 266 2501 gleichen
289 2463 347 2492 Stil
368 2464 427 2492 und
450 2464 567 2501 gleiche
590 2463 721 2492 Melodie
745 2465 923 2500 aufweisen,
954 2467 1020 2494 sind
1044 2476 1111 2494 vom
1135 2468 1271 2503 gleiehen
1293 2470 1463 2505 Verfasser3

127 2502 293 2530 auffallend
313 2503 355 2530 ist
373 2511 439 2537 nur,
460 2503 526 2531 dass
547 2504 591 2531 sie
612 2504 644 2530 in
665 2504 739 2531 zwei
760 2512 793 2532 so
814 2506 1045 2534 verschiedenen
1069 2506 1196 2540 Quellen
1217 2509 1280 2535 sich
1302 2509 1464 2538 vorfinden.
