1655 2713
723 169 959 204 „50-

186 273 228 305 14
242 282 271 304 a.
303 271 352 303 De
378 271 437 302 hac
462 270 546 302 valle
571 269 774 301 lacrimarum

306 319 431 351 Pariter
456 323 485 350 et
511 317 727 355 tenebrarum„

303 367 341 399 In
366 377 427 406 qua
453 366 590 398 omnium
617 365 770 395 bonarum

351 415 467 446 Rerum
493 418 541 444 est
567 412 683 452 iuopia,

189 517 230 549 15
247 526 274 549 a.
306 515 372 546 Nos
398 514 537 555 peccatis
560 512 778 552 praepollutos

303 562 355 594 Ab
382 563 426 593 eis
452 561 569 592 reddas
595 561 726 601 solutos,

305 611 340 642 In
367 618 466 648 agone
491 608 680 640 constitutos

307 658 351 689 Te
378 661 486 688 tuente
512 656 612 687 redde
637 660 723 686 tutos

351 705 402 736 Ab
429 704 528 735 hostis
553 703 696 739 saevitia,

869 266 913 298 14
927 264 958 296 b.
990 264 1062 296 Duc
1077 263 1120 296 ad
1137 263 1220 295 illud
1237 263 1345 295 lumen
1363 262 1501 301 clarum,

986 312 1023 344 In
1057 321 1119 352 quo
1149 311 1290 343 omnium
1315 314 1500 343 nostrarum

991 360 1075 391 Vera
1100 359 1186 391 salus
1211 359 1392 391 animarum

1037 408 1099 440 Est
1123 407 1156 438 in
1182 407 1262 439 lucis
1289 407 1393 447 copia.

872 511 914 543 15
930 510 960 543 b.
992 511 1064 542 Non
1091 518 1148 540 nos
1172 508 1281 540 sinens
1307 507 1349 539 ad
1371 506 1501 539 inferna

990 557 1109 594 Trahi,
1137 557 1206 588 Deo
1232 556 1364 596 placens
1391 564 1503 593 verna,

989 605 1053 637 Sed
1088 613 1241 644 procures
1275 613 1333 636 nos
1359 613 1500 644 superna.

990 654 1118 685 Pariter
1143 656 1175 684 et
1199 652 1397 692 sempiterna

1038 699 1167 732 Perfrui
1191 700 1327 734 laetitia.

607 805 660 836 16.
689 804 790 834 Amen
817 802 926 833 dicant
953 802 1069 833 omnia.

264 904 352 930 Grad.
381 912 432 929 ms.
456 902 599 930 Stubense
622 911 696 929 saec.
724 900 796 929 ¹⁴2l13.
818 901 883 928 add.
908 909 984 928 saec.
1010 899 1081 927 ¹³lu.
1103 900 1331 931 (Privatbesitz).
1353 899 1461 932 —8a.
1481 899 1501 927 2

183 943 283 969 variis.
305 956 341 959 —
363 939 417 973 8³,
438 939 456 967 3
477 941 596 967 auxilio.
615 955 649 959 —-
674 939 741 971 llb,
768 939 781 966 1
803 940 901 966 caelos
923 949 988 966 eum
1010 942 1140 966 vocatur.
1156 952 1193 957 -—
1217 937 1251 966 12
1263 948 1288 971 a,
1314 938 1327 965 1
1351 940 1384 966 In
1405 940 1446 966 iu.
1463 953 1502 958 —

186 979 220 1007 14
232 988 257 1012 a,
280 978 297 1006 3
318 981 445 1006 omnium
467 979 617 1005 denarum.
640 993 675 997 —
700 978 734 1005 15
746 979 772 1010 b,
793 976 811 1004 2
832 977 937 1005 Trahe.
978 977 1105 1004 Melodie
1127 976 1218 1003 wohl:
1247 977 1375 1004 Lauda
1396 977 1501 1004 Sion.

592 1177 638 1206 47.
679 1175 720 1206 De
742 1184 764 1205 s.
787 1175 919 1206 Antonio
943 1173 1095 1204 Eremita.

216 1298 230 1327 1
249 1305 277 1327 a.
308 1295 489 1326 Laudemus
507 1303 615 1325 omnes
629 1293 810 1331 Dominum,

305 1343 362 1382 Qui
391 1342 571 1373 mirificavit
597 1350 685 1371 suum

353 1390 498 1421 Amicum
524 1388 717 1425 Antonium3

213 1492 275 1522 2a.
306 1490 370 1522 Sed
396 1489 520 1527 generis
547 1489 629 1519 hano
655 1488 787 1527 gloriam

306 1537 452 1569 Christus
478 1546 537 1577 per
562 1545 649 1567 suam
676 1536 810 1575 gratiam

352 1585 525 1616 Plurimum
551 1583 744 1622 sublimavit,

210 1687 272 1718 3a.
305 1684 368 1717 Ubi
394 1689 512 1723 quanta

304 1733 547 1771 Temptamenta

356 1779 539 1817 Pertulerit,
567 1783 614 1810 est
640 1780 773 1818 mirum3

212 1882 274 1912 4a.
305 1879 386 1911 Caro
411 1878 486 1916 urit,

305 1927 402 1959 Satan
430 1925 525 1967 furi13

352 1975 444 2006 Illam
471 1974 580 2014 cingit,

352 2023 452 2054 Istum
479 2021 608 2061 stringit

401 2069 515 2101 Fames
538 2074 570 2100 et
595 2069 708 2102 oratio.

211 2175 229 2204 5
245 2180 273 2204 a.
303 2171 419 2202 Militis
445 2170 564 2201 bellum
590 2169 717 2209 aspicit,

304 2219 388 2255 Rex,
417 2218 546 2258 dignum
573 2218 668 2249 laude
695 2217 811 2248 asserit

354 2266 414 2298 Hic
440 2271 469 2297 et
496 2266 529 2297 in
555 2265 766 2306 caelestibus;

210 2369 273 2401 6a.
308 2367 386 2399 Eius
413 2366 478 2398 vita
504 2369 573 2397 erat
596 2365 643 2398 ita

305 2416 435 2453 Stricta,
462 2418 550 2446 recta
575 2418 606 2445 et
632 2412 787 2454 perfecta,

354 2463 450 2502 Quasi
480 2461 563 2494 foret
587 2462 738 2502 augelus;

898 1294 914 1324 1
933 1292 962 1324 b.
995 1293 1052 1324 Cui
1078 1292 1110 1323 in
1135 1295 1284 1331 Aegypto
1309 1297 1415 1323 ortum

991 1339 1097 1370 Decus
1123 1340 1256 1370 contulit
1286 1344 1455 1379 parentum

1039 1387 1154 1418 Nobile
1180 1392 1211 1418 et
1237 1388 1397 1422 devotum,

896 1489 915 1520 2
931 1487 962 1519 b.
995 1488 1074 1520 Cum
1101 1487 1339 1519 adulescentem
1367 1489 1453 1528 pium

991 1535 1041 1566 De
1066 1535 1193 1566 saeculo
1214 1536 1255 1566 ad
1283 1544 1423 1567 eremum

1040 1583 1101 1614 Vix
1127 1583 1292 1622 vigennem
1318 1585 1458 1617 vocavit.

899 1682 965 1715 3b.
997 1682 1061 1714 Sed
1087 1691 1148 1713 non
1173 1683 1305 1714 vincunt

994 1731 1106 1769 Neque
1131 1729 1281 1770 frangunt

1039 1779 1263 1810 Fortissimum
1285 1779 1368 1811 hunc
1386 1781 1505 1813 virum.

897 1880 917 1910 4
932 1877 964 1910 b.
994 1877 1172 1909 Laceratur

990 1925 1033 1957 Et
1059 1930 1236 1967 mactatur;

1040 1973 1111 2005 Non
1138 1973 1318 2017 fraudatur,

1039 2022 1231 2054 Consolatur

1088 2069 1206 2101 Divino
1232 2072 1373 2104 oraculo.

894 2172 913 2201 5
930 2169 959 2201 b.
993 2169 1150 2201 Probatur
1176 2170 1236 2201 hoc
1263 2172 1426 2204 mii-aculis

991 2217 1119 2249 Pariter
1144 2222 1174 2249 et
1201 2219 1346 2259 reliquiis

1038 2265 1170 2297 Cunctis
1205 2268 1315 2299 mundi
1341 2270 1500 2309 partibus.

894 2365 961 2398 6b.
995 2364 1112 2397 Gravis
1138 2366 1219 2398 nulli
1244 2368 1306 2400 nisi
1332 2368 1406 2409 sibi,

990 2413 1056 2446 Sed
1081 2415 1192 2453 procul
1220 2418 1287 2447 sint
1310 2417 1477 2458 haeretici,

1040 2462 1179 2502 Quorum
1206 2462 1268 2496 fuit
1292 2466 1448 2502 aemulus.
