1655 2713
732 146 993 181 -118—

651 288 711 318 123.
754 288 795 318 De
817 288 927 318 saneto
949 287 1067 327 Eligio.

229 387 287 421 la.
320 388 370 419 Ad
399 388 548 419 honorem
576 387 744 418 salvatoris

321 436 413 467 Mens
441 436 609 474 depromat
635 438 663 465 et
686 444 746 466 vox
765 435 830 466 oris

369 483 534 515 Canticum
563 482 714 523 laetitiae,

227 570 287 600 23.
320 568 418 600 Totus
445 568 531 600 orbis
557 568 736 608 gratuletur

320 616 361 647 Et
389 617 502 647 devote
529 620 698 647 veneretur

368 664 499 695 Beatum
527 664 678 704 Eligium,

225 752 242 781 3
254 759 282 781 a.
314 750 393 781 Ortu
421 748 479 780 fuit
500 759 682 789 generosuS,

320 797 382 830 Sed
411 798 528 828 virtute
555 798 711 837 gloriosus

367 845 515 876 Excessit
542 845 705 885 originem.

221 932 282 962 4a.
317 930 412 961 Pater
439 931 504 961 eius
533 929 591 962 fuit
619 931 731 968 iustus,

321 978 488 1009 Vocitatus
514 978 697 1017 Eutherius,

370 1026 539 1064 Materque
566 1026 722 1066 Terrigia.

228 1113 286 1142 ὅτι.
322 1110 372 1141 Ab
399 1114 503 1142 aetate
529 1111 645 1151 puerili

323 1158 450 1190 Pollens
477 1167 570 1189 sensu
596 1158 785 1198 praesubtili

370 1207 511 1245 Aptatur
534 1206 576 1237 ad
601 1206 717 1238 omnia.

227 1292 287 1323 6a.
321 1291 440 1322 Videns
467 1296 560 1331 pater
585 1292 651 1322 eius
678 1301 802 1323 sensum

322 1339 406 1369 Actu
432 1339 519 1370 nullo
547 1339 780 1379 deprehensum

370 1386 404 1417 In
431 1390 499 1417 arte
525 1386 657 1418 aurifica

230 1472 286 1503 7a.
320 1473 355 1502 In
379 1471 465 1503 illius
492 1481 579 1503 mens
607 1472 716 1504 divina

320 1519 415 1551 Latet
439 1524 543 1550 mente
569 1520 762 1559 columbina,

367 1567 493 1598 Laudat
517 1567 606 1599 illum
630 1568 778 1609 populus,

223 1700 282 1731 Sa.
315 1700 396 1731 Late
422 1699 528 1733 fundit
553 1700 611 1733 flos
636 1702 778 1741 odorem,

318 1748 361 1779 Et
387 1748 494 1780 odoris
520 1749 631 1781 dulcor
656 1748 766 1781 florem

366 1795 511 1828 Honorat
537 1805 596 1837 per
621 1797 736 1829 omnia.

223 1882 282 1912 92.
313 1881 382 1912 Rex
409 1885 562 1914 convocat
587 1883 726 1922 Eligium

316 1928 360 1959 Et
385 1929 427 1961 ad
452 1939 541 1961 suum
567 1930 733 1972 palatium,

365 1976 419 2008 Fit
445 1978 560 2009 secreti
586 1979 740 2016 conscius,

199 2062 242 2094 10
255 2071 283 2095 a.
315 2061 520 2103 Dagobertus
545 2067 579 2094 ut
606 2063 754 2103 decessit,

320 2110 502 2143 Clodovaeo
528 2119 659 2152 regnum
684 2113 790 2154 cessit,

318 2158 378 2197 Qui
405 2162 533 2190 strenue
559 2159 684 2199 plebem
710 2160 805 2200 rexit,

361 2205 405 2238 Et
430 2206 505 2238 iude
527 2207 700 2250 Lothari03

196 2292 235 2323 11
250 2301 278 2325 a.
309 2292 363 2324 Ad
389 2292 540 2325 honorem
567 2293 628 2326 Dei
655 2294 785 2326 chorum

315 2340 528 2383 congregavit
554 2342 780 2375 monachorum

314 2389 378 2421 Pro
403 2389 553 2430 plebibus
579 2394 743 2424 oratorum

359 2437 402 2469 Et
427 2436 503 2470 fecit
529 2439 707 2472 ecclesiam.

916 386 978 420 1b.

915 569 980 602 2b.

882 714 977 784 ¹3b.

912 932 977 964 4b.

914 1112 975 1145 5b.

913 1293 974 1326 6b.

915 1475 974 1509 7b.

909 1703 970 1738 8b.

908 1885 969 1918 9b.

890 2066 931 2099 10
944 2066 976 2100 b.

886 2296 926 2329 11
941 2296 971 2329 b.

1010 387 1070 427 Qui
1102 387 1282 419 mercedem
1311 387 1368 420 dat
1394 389 1525 422 honoris

1012 435 1084 467 Suis
1111 436 1230 467 sanctis
1258 440 1290 468 et
1317 436 1443 469 decoris

1057 483 1101 515 Et
1127 493 1260 516 coronas
1286 485 1420 524 gloriae.

1013 569 1108 601 Cuius
1135 568 1226 611 fides,
1254 571 1344 602 cuius
1371 571 1437 603 vita

1010 617 1116 648 Fulsit
1150 622 1311 658 tamquam
1346 620 1524 659 margarita

1058 666 1095 697 In
1121 671 1296 707 conspectu
1321 667 1474 707 gentium.

1011 751 1228 784 Circumcisus
1253 752 1349 794 intus,
1379 751 1458 785 foris

1007 799 1182 831 Laboravit
1210 809 1331 842 renum,
1361 801 1427 833 oris

1055 847 1182 887 Fugare
1209 848 1388 880 libidinem.

1008 933 1166 964 Arborem
1196 935 1406 975 ramusculus,

1010 981 1146 1012 Fontem
1174 981 1246 1013 beat
1275 983 1398 1014 rivulus

1056 1028 1203 1068 Rosaque
1230 1030 1363 1062 rosaria.

1006 1113 1127 1145 Doctus
1153 1118 1223 1146 arte
1249 1116 1389 1147 manuali

1009 1160 1080 1192 Non
1107 1161 1254 1194 doctrina
1279 1163 1469 1203 magistrali,

1057 1208 1120 1240 Sed
1146 1209 1206 1241 Dei
1234 1212 1428 1250 praeseutia.

1006 1293 1097 1325 Fecit
1124 1304 1194 1326 eum
1222 1296 1417 1338 doctrinari;

1006 1341 1118 1373 Statim
1147 1341 1209 1374 fuit
1233 1344 1302 1375 sine
1328 1346 1400 1384 pari

1058 1388 1096 1422 Iu
1123 1390 1202 1422 urbe
1228 1391 1408 1427 Lemovica.

1009 1476 1131 1508 Crescit
1157 1477 1247 1516 odor,
1276 1479 1393 1510 crescit
1415 1481 1518 1511 virtus

1006 1523 1171 1564 Tanquam
1197 1525 1287 1557 iuxta
1304 1525 1422 1559 flumen
1441 1528 1516 1560 mir-

1231 1577 1292 1610 tus.

1053 1619 1178 1651 Crescit
1204 1619 1308 1653 famae
1334 1622 1458 1655 titulus.

1003 1705 1099 1738 Tanti
1125 1707 1185 1738 viri
1212 1706 1317 1739 famae
1343 1708 1444 1741 bouus

1004 1753 1093 1786 Aure
1117 1755 1200 1794 regis
1227 1760 1320 1787 sonat
1345 1765 1441 1790 sonus

1052 1801 1195 1842 Eiusque
1220 1803 1348 1842 peritia.

1001 1887 1171 1927 Postquam
1199 1889 1283 1928 regis
1309 1891 1470 1923 excidium

1009 1935 1107 1967 Suum
1134 1937 1247 1968 statuit
1273 1939 1433 1970 conscium

1055 1982 1258 2024 Dagobertus
1283 1985 1380 2018 filius.

1007 2067 1066 2107 Qui
1077 2070 1288 2111 quodcunque
1297 2072 1348 2104 vir
1357 2075 1517 2114 suggessit

1006 2115 1075 2148 Sibi
1100 2121 1249 2160 sanctus,
1277 2123 1376 2152 totum
1405 2123 1516 2164 gessit,

1005 2163 1103 2197 Cuius
1130 2165 1231 2198 virtus
1253 2176 1382 2208 semper
1399 2171 1518 2204 crescit

1051 2212 1244 2246 Adhaerens
1267 2217 1425 2258 consilio.-

1004 2298 1089 2330 Hinc
1122 2300 1260 2341 adeptus
1295 2305 1515 2344 praesulatum

1003 2346 1103 2380 Urbis
1130 2348 1397 2392 Noviomagatum

1003 2394 1086 2427 Suae
1111 2395 1183 2428 finit
1207 2398 1293 2431 vitae
1316 2403 1436 2433 statum

1051 2443 1298 2487 Transmigrans
1314 2448 1356 2481 ad
1366 2449 1514 2491 gloriam.
