1655 2713
152 252 212 285 va.

149 639 208 672 8a.

147 1074 208 1107 92.

122 1461 165 1494 10
178 1469 206 1492 a.

119 1897 160 1931 11
173 1907 204 1931 a.

122 2286 165 2320 12
177 2295 205 2318 a.

247 252 370 292 Sciens,
398 253 453 285 ubi
481 253 588 296 fuerit,

245 300 323 340 quid
350 299 476 341 fecerit,

245 357 306 380 non
335 349 482 389 erubuit3

245 405 315 428 sese
341 398 439 429 amati

245 440 318 489 [ad]
347 446 460 485 epulas
487 447 633 486 contulit,

245 493 358 524 veniae
385 492 504 526 fontem
531 496 636 535 turpis

244 540 335 582 adiit,
363 551 426 581 quo
452 551 486 573 se
513 543 655 582 lavaret3

239 638 339 678 Quam
367 638 539 670 miseratus
567 641 714 672 conditor

243 684 389 726 refugam
416 687 562 726 suscipit,

243 733 368 766 refovet
394 735 572 774 paraclitus

243 782 432 819 luctuosam,

244 831 431 871 diligentem
458 831 564 871 diligit

244 879 448 920 dimissisque
474 878 605 920 flagitiis

243 928 436 960 omnimodis
462 927 659 960 liberrimam

242 977 290 1008 ire
316 976 487 1018 praecipit.

241 1072 298 1105 Cui
324 1073 414 1104 Iesus

241 1121 436 1153 architectus

241 1174 377 1202 stratum
404 1174 605 1210 tetragonum

243 1219 323 1251 dans
349 1218 593 1260 aequilaterum,

242 1271 343 1299 totum
371 1266 535 1306 crystallis

238 1316 444 1353 luminosum,
471 1314 587 1346 sternit

241 1365 342 1405 igneis
371 1363 597 1402 carbunculi53

238 1460 503 1501 Anaglypharias

241 1509 425 1549 margaritis
452 1513 575 1548 portas,

238 1558 419 1598 podismum
447 1565 517 1588 cum
546 1557 673 1597 plateis,

241 1606 392 1638 basilicas
419 1615 490 1637 cum
517 1605 667 1638 tricliniis

240 1659 272 1687 et
297 1654 386 1685 illius
412 1654 521 1686 omnia

239 1703 371 1736 aureola

238 1750 422 1784 mirificavit

239 1804 402 1841 tamquam
430 1800 547 1831 vitrum
575 1799 754 1840 perlucida.

235 1898 306 1930 Hac
331 1897 532 1937 speculativa

239 1949 302 1978 iarn
329 1946 476 1986 plenarie

241 1995 470 2029 condelectans
497 1994 529 2025 in
555 1993 640 2032 aula,

238 2043 301 2083 fac,
329 2053 387 2075 nos
409 2047 445 2074 ut
473 2042 670 2074 delectemur

237 2093 270 2124 in
298 2092 418 2125 dilecto
445 2096 510 2130 tuo,

237 2140 445 2181 suffragatrix

233 2189 476 2228 ardentissima,
503 2186 621 2227 Maria,

240 2286 285 2319 Ut
311 2287 358 2318 sic
385 2285 537 2326 nequitiis

236 2334 437 2368 adversariis

237 2382 343 2416 fauste
371 2382 580 2423 triumphatis

237 2441 356 2465 corona
383 2436 488 2464 tecum

236 2481 329 2522 regni
355 2480 574 2521 tripudiantes

850 256 909 290 7b.

847 639 909 672 8b.

845 1071 908 1105 9b.

821 1459 864 1492 10
877 1459 907 1493 b.

821 1894 906 1928 11b.

819 2282 904 2317 12b.

942 255 1149 289 Alabastrum
1173 255 1292 293 attulit,

944 305 1044 344 pedes
1071 304 1143 336 Iesu

942 352 1048 384 flendo
1075 352 1240 392 compluit7

942 400 1084 432 crinibus
1110 400 1203 431 tersit

942 446 1057 492 [atque]
1086 449 1234 480 osculans
1259 448 1360 489 unxit,

939 503 985 528 tot
1013 496 1120 528 ferens
1147 497 1343 534 holocausta,

939 549 1014 584 quot
1041 545 1129 584 prius
1155 545 1402 576 oblectamenta.

944 640 995 672 sic
1023 640 1160 671 liberata
1188 640 1297 672 bestiis

943 687 982 718 de
1009 687 1215 727 Babylonicis

942 735 1078 774 pedibus
1106 736 1273 768 assederat

940 784 1134 820 miserantis,

942 831 1071 863 verbum
1100 832 1167 862 eius
1194 831 1339 871 audiens,

939 884 971 910 et
996 879 1107 910 intime
1135 880 1194 910 soli
1221 889 1339 911 vacans

940 928 1084 958 theoriae
1111 936 1215 958 arcem
1243 927 1319 959 Sion

941 974 1019 1006 felix
1046 976 1244 1008 conscendit.

943 1072 1096 1104 Fundans
1122 1071 1272 1111 saphyris

942 1120 1098 1152 caeruleis

943 1168 1032 1200 miris
1059 1167 1266 1199 candidatam

940 1222 970 1249 et
997 1216 1168 1248 unionibus

939 1264 1119 1306 iaspidibus
1146 1269 1177 1294 et

939 1321 1173 1355 propugnatum
1202 1312 1302 1343 munit

939 1363 1090 1404 gemmeis
1119 1361 1292 1392 turriculis.

943 1463 1042 1498 Quam
1071 1458 1202 1498 gemmis
1230 1457 1358 1488 rutilam

940 1513 969 1538 et
997 1507 1107 1537 obrizo
1134 1506 1252 1536 mundo

939 1564 995 1587 rex
1022 1555 1104 1594 regit
1130 1553 1298 1592 Emanuel,

940 1604 1047 1635 divum
1074 1603 1143 1642 ipse
1171 1602 1355 1641 capitolium

939 1651 1039 1691 urbis,
1067 1659 1198 1682 manens
1225 1650 1331 1681 omnia

939 1701 970 1732 in
999 1699 1155 1739 omnibus,

938 1757 1016 1788 quos
1044 1747 1233 1787 triumphali

939 1796 1034 1828 comit
1061 1795 1141 1827 inibi
1168 1795 1288 1827 laurea.

939 1894 983 1926 Et
1008 1898 1044 1924 ut
1070 1892 1221 1924 letalibus

939 1946 1096 1983 arreptos⁷
1125 1941 1197 1982 heu,

937 1991 1087 2022 vitiorum
1116 1988 1208 2021 furiis

939 2039 1055 2071 reddat
1081 2048 1138 2070 nos
1166 2046 1261 2070 sanae
1290 2036 1406 2068 mentis

937 2089 1105 2128 miserans,
1132 2092 1165 2118 ut
1193 2086 1285 2126 solet,

936 2136 1069 2168 salutari

936 2185 1077 2217 curando
1104 2182 1314 2223 indulgentia.

941 2281 1168 2314 Collaudemus
1195 2288 1256 2310 una

939 2335 969 2362 et
996 2330 1029 2361 in
1058 2328 1213 2369 cymbalis

939 2377 1139 2411 iubilationis

935 2428 1037 2460 Deum
1066 2427 1198 2457 deorum

937 2486 1007 2508 cum
1035 2474 1157 2516 angelis
1183 2474 1215 2505 in
1243 2472 1329 2506 Sion.
