1655 2713
682 172 728 178 —
778 153 848 189 223
899 173 941 178 —

169 248 230 281 32.
265 248 305 280 In
331 249 473 290 Regensi
499 255 606 283 rector
630 251 710 283 urbe
867 250 928 283 3b.
961 249 1068 282 Cornu
1097 249 1184 279 bovis
1215 247 1402 287 iugulatum,

269 295 371 328 Carus
398 297 501 338 clero,
538 307 631 331 carus
657 299 780 336 turbae,
963 297 1075 329 Morsu
1101 296 1207 328 carnis
1233 294 1419 326 suffocatum

316 343 430 377 Clarus
456 345 556 386 signis
586 346 720 380 habitat.
1011 344 1166 384 Aliosque
1192 343 1336 376 suscitat.

169 450 231 484 4a.
265 450 355 482 Perit
380 452 488 483 carnis
514 451 714 493 exsufflatus,
866 450 930 485 4b.
962 449 1137 481 Sanitatem
1169 449 1216 480 sic
1242 449 1378 488 adeptus

267 498 365 530 Visus
392 499 478 540 viget
504 500 608 532 caecis
636 500 740 539 datm,
962 497 1091 530 Gaudet.
1108 506 1214 537 aeger,
1245 497 1302 528 sed
1323 498 1475 537 deceptus

313 546 518 579 Convalescit
543 548 688 589 saucius;
1009 545 1108 577 Latro
1134 544 1209 576 furit
1238 545 1365 585 impius

167 655 228 685 5a.
262 653 360 696 Ergo,
387 657 497 686 tantae
524 654 676 686 bonitatis
864 652 926 685 5b.
959 652 1144 683 Interventu
1170 651 1352 683 sanctitatis

264 701 392 743 Pastor,
419 703 526 742 pande
553 702 699 734 veritatis
959 699 1025 731 Nos
1051 704 1206 740 purgatos
1232 709 1249 731 a
1276 699 1417 739 peccatis

313 749 412 790 Gregi
438 755 493 782 tua
520 751 654 790 viscera,
1006 749 1048 780 Et
1076 758 1093 778 a
1121 748 1232 787 poenis
1259 747 1370 779 libera.

218 855 302 882 Miss.
326 856 495 883 Morinense
517 856 586 891 imp.
609 855 787 891 Rothomagi
811 852 892 881 1516.
915 853 949 880 A.
966 867 1002 871 ——
1018 853 1100 880 Miss.
1117 853 1285 879 Men-inense-
1310 854 1377 888 i11111.
1394 853 1475 879 Pari-

138 894 192 921 siis
220 892 304 921 1518.
329 895 360 921 Β.
382 908 419 911 —-
442 895 525 921 Miss.
547 894 717 921 Morinense
740 894 810 929 imp.
832 892 1010 928 Rothomagi
1036 890 1116 919 1523.
1140 893 1169 918 C.

433 1074 501 1104 249.
544 1074 576 1104 ln
599 1072 783 1105 Ostensione
805 1082 830 1104 s.
852 1072 979 1105 Maximi
1002 1072 1177 1112 Regiensis.

170 1185 227 1217 la.
260 1184 401 1217 Gloriosi
427 1185 586 1226 praesulis
865 1184 924 1217 1b.
957 1185 994 1216 In
1021 1193 1082 1223 qua
1109 1193 1177 1215 cuni
1206 1183 1377 1224 praeconio

265 1233 314 1265 Sit
339 1232 456 1265 festiva
481 1233 616 1273 singulis
959 1233 1061 1265 Facta
1087 1237 1132 1263 est
1158 1233 1299 1263 ostensio

311 1281 389 1313 Dies
415 1282 518 1314 sancti
544 1281 691 1317 Maximi,
1008 1280 1077 1312 Viri
1104 1280 1366 1320 praeclarissimi.

167 1389 227 1420 2a.
261 1389 330 1428 Quo
355 1388 387 1419 in
413 1387 513 1419 altum
540 1387 645 1428 posito
863 1388 926 1420 2b.
956 1387 1044 1427 Quae
1071 1396 1141 1418 cum
1168 1387 1244 1418 solis
1272 1386 1364 1417 radio

265 1435 367 1468 Stella
393 1445 508 1476 inagna
533 1435 639 1467 subito
962 1436 1092 1467 Cunctis
1120 1435 1171 1466 die
1198 1434 1303 1465 medio

313 1484 418 1524 Super
443 1484 547 1523 ipsum
574 1484 700 1520 claruit,
1010 1484 1159 1516 Rutilaus
1192 1483 1353 1523 apparuit.

169 1590 232 1624 3b.
265 1590 367 1622 Stella
400 1589 563 1621 Christum
598 1590 777 1629 parvulum,
865 1589 927 1622 3b.
960 1589 1021 1621 Illa
1047 1588 1157 1620 mundi
1184 1588 1365 1620 Dominum.

266 1638 368 1670 Stella
395 1637 515 1670 Christi
542 1637 694 1669 famulum
960 1637 1050 1669 Haec
1077 1637 1240 1668 doctorem
1268 1636 1430 1667 hominum

314 1686 502 1718 Declaravit
528 1686 664 1727 populo:
1008 1686 1086 1719 Cum
1114 1695 1227 1725 magno
1254 1683 1418 1717 miraculo.

171 1795 232 1826 4a.
267 1793 415 1826 Ostendit
441 1793 536 1825 stella
561 1793 665 1825 tribus
869 1792 932 1827 4b.
965 1793 1018 1826 Sic
1047 1793 1150 1824 tribus
1177 1793 1379 1833 praesulibus

266 1842 408 1874 Orientis
430 1841 558 1881 regibus
964 1841 1116 1874 Sanctum
1143 1842 1344 1873 elevantibus

314 1890 426 1923 Ortum
453 1890 537 1931 regis
564 1891 704 1932 gloriae3
1012 1889 1113 1922 Stella
1135 1889 1225 1922 fulsit
1251 1891 1386 1931 gratiae,

165 2002 225 2032 5a.
259 1997 340 2030 Tres
366 1997 428 2029 viri
454 1998 658 2038 magninomi‚
867 1997 930 2030 5b.
963 1997 1047 2029 Dum
1075 2002 1203 2039 portant
1232 1998 1395 2037 reliquias

264 2046 432 2079 Praesules
463 2046 623 2088 Noviomi‚
964 2046 1041 2077 Visa
1066 2046 1161 2077 stella
1188 2046 1308 2086 gratias

310 2094 474 2135 Ambiani,
502 2095 634 2136 Morini,
1011 2094 1108 2127 Plebs
1130 2094 1185 2126 dat
1204 2104 1326 2127 summo
1344 2095 1477 2128 numini.

164 2204 226 2236 6³.
258 2203 284 2236 O
312 2203 362 2235 vir
387 2203 494 2244 magni
521 2203 638 2242 meriti,
865 2201 927 2237 6b.
960 2202 1057 2242 Apud
1084 2202 1186 2234 Deum
1213 2201 1322 2233 obtine

263 2251 360 2285 Cuius
386 2255 478 2284 actus
501 2251 605 2283 incliti
961 2251 1028 2284 Nos
1060 2251 1091 2282 in
1117 2250 1246 2282 Christo
1273 2250 1391 2281 lumine

312 2299 530 2333 Declarantur
556 2299 674 2341 sidere,
1009 2299 1144 2338 Semper
1175 2303 1278 2330 tecum
1308 2299 1427 2330 vivere.

216 2406 300 2433 Miss.
315 2406 487 2434 Morinense
501 2405 572 2442 imp.
588 2405 766 2440 Rothomagi
783 2402 864 2432 1516.
879 2404 914 2432 A.
931 2419 966 2423 —
983 2405 1065 2431 Miss.
1081 2403 1251 2430 Morinense
1267 2404 1336 2439 imp.
1352 2403 1477 2430 Parisiis

138 2441 288 2512 ¹l¹i5818ABR
314 2459 353 2464 —
379 2445 464 2472 Miss.
491 2444 661 2472 Mutinense
688 2444 758 2480 imp.
786 2442 965 2479 Rothomagi
997 2440 1077 2471 1523.
1108 2442 1138 2469 C.
1170 2457 1204 2460 —
1229 2441 1286 2474 521,
1315 2440 1333 2467 3
1359 2442 1476 2470 Ambia-
