1655 2713
674 166 933 201 —195—

159 258 221 291 Ya.
255 257 372 292 Vinum
400 264 430 292 et
458 262 598 296 chrisma
616 265 775 304 praesulis
860 263 921 297 7b.
953 263 1066 296 Gradu
1099 264 1202 295 minor
1228 273 1320 303 quam
1348 263 1471 295 meritis

305 307 538 342 Praeferebant
565 312 697 351 indicia,
956 311 1073 343 Vocem
1100 311 1187 343 laxat
1214 312 1381 350 antistitis,

256 355 320 387 Per
342 365 435 396 quem
456 357 616 399 baptisma
636 361 775 401 populis,
1005 361 1172 392 Promotus
1199 360 1230 390 in
1255 359 1437 400 pontificem

303 404 367 436 Per
383 414 475 445 quem
495 412 643 440 sacratur
659 408 774 441 hostia.
1003 407 1082 439 Fert
1109 417 1200 447 opem
1222 417 1276 438 reo
1296 408 1468 448 duplicem,

157 485 221 519 Sa.
254 485 363 517 Sacris
389 492 499 519 astans
525 489 683 521 altaribus
859 489 919 521 8b.
954 489 989 520 ln
1019 493 1169 528 serpente
1196 489 1316 520 visibili

307 533 456 566 Vinctum
483 537 571 568 videt
591 538 622 568 in
641 537 771 578 populo,
998 536 1188 576 Triumphat
1216 537 1420 577 invisibilem,

258 582 363 614 Solvit
389 592 408 614 a
435 592 558 624 poenae
583 585 718 617 nexibus
953 584 1007 616 Sic
1033 585 1181 618 Christus
1207 585 1386 617 invincibili

303 630 346 662 Et
373 641 390 662 a
418 633 543 671 peccati
568 633 705 667 vinculo.
1003 633 1130 664 Virtute
1159 633 1239 664 ditat
1267 634 1429 666 humilem.

155 714 218 746 9a.
251 711 409 744 Marcelle
435 718 538 757 pater,
567 715 691 755 respice
861 714 924 747 9b.
957 714 1022 746 Sub
1050 714 1141 746 huius
1169 715 1274 746 adbuc
1301 716 1443 748 lubricae

301 760 368 792 Nos
395 762 526 801 pietatis
552 763 644 794 oculo
1002 763 1114 794 Carnis
1140 768 1301 803 gementes
1329 765 1470 798 vinculo.

131 843 175 876 10
186 852 216 876 a.
246 843 293 874 Te
319 843 490 884 diligentes
516 845 620 884 unice,
831 845 918 878 lob.
951 845 1091 878 Consors
1119 846 1200 877 lucis
1226 847 1400 887 angelicae,

299 892 346 924 Te
373 892 551 924 recolentes
579 894 700 931 sedulo,
998 894 1086 927 Caeli
1113 894 1258 925 suscribe
1285 895 1386 926 titulo.

205 973 288 1000 Miss.
317 982 370 1000 ms.
398 974 566 1001 Parisiense
593 983 669 1002 saec.
700 973 744 1002 14.
776 974 848 1002 Cod.
875 975 1112 1010 Sangenovetian
1152 974 1197 1002 97.
1230 976 1263 1002 Α.
1285 990 1322 994 ——
1345 976 1465 1003 collect.

129 1021 181 1039 ms.
203 1012 390 1039 Victorinum
413 1021 490 1040 saec.
515 1011 557 1040 15.
581 1010 639 1049 [13.
666 1012 723 1049 16.]
745 1014 815 1041 Cod.
838 1014 967 1041 Parisin.
993 1012 1100 1040 1437:
1126 1015 1155 1040 B.
1177 1028 1212 1032 —
1229 1014 1284 1044 zib,
1309 1014 1320 1041 1
1346 1018 1374 1041 et
1396 1015 1466 1041 fehlt

128 1051 162 1078 B.
184 1064 221 1069 —
243 1051 300 1078 Str.
328 1049 377 1078 4a
403 1051 475 1078 fehlt
497 1052 537 1086 Β;
565 1051 651 1079 dasiir
680 1053 710 1079 in
732 1052 789 1079 Str.
820 1051 868 1080 41,
895 1052 969 1079 nach
993 1053 1066 1078 Vers
1100 1052 1109 1078 1
1141 1053 1372 1087 eingeschoben:
1404 1054 1465 1080 sub

127 1089 282 1116 brevitatis
310 1090 458 1117 summula
490 1090 547 1117 und
576 1091 651 1117 nach
673 1091 747 1118 Vers
768 1089 797 1117 2:
829 1091 909 1118 Voce
937 1091 1073 1118 decantet.
1105 1091 1222 1118 modula
1247 1093 1277 1118 Β.
1303 1108 1332 1110 ῳ
1358 1092 1418 1121 b'a,
1454 1092 1463 1118 l

129 1127 238 1155 Christi
260 1137 363 1156 servus
382 1129 414 1156 B.
441 1143 468 1147 —-
495 1128 550 1161 61³,
573 1127 590 1155 3
612 1130 686 1157 Cum
710 1130 741 1156 Β.
765 1144 803 1148 -
819 1128 836 1156 8
851 1130 876 1161 b,
898 1128 915 1157 3
938 1132 990 1157 Six
1015 1131 1046 1156 B.
1067 1144 1099 1147 —
1117 1130 1173 1161 (ab,
1200 1129 1209 1156 1
1238 1131 1293 1157 Hic
1316 1130 1413 1157 huius.
1431 1146 1466 1149 —

127 1167 186 1194 cfr.
209 1166 341 1201 Gautier,
364 1167 418 1194 Ad.
440 1167 476 1195 de
501 1167 529 1195 S.
552 1168 663 1199 Victor,
690 1167 712 1195 1.
737 1168 784 1195 ed.
807 1169 844 1200 ΙΙ,
868 1178 894 1204 p.
917 1166 981 1196 302.

497 1304 556 1335 217.
599 1304 641 1335 De
664 1313 705 1335 ss.
729 1303 915 1335 Marcellino
937 1306 968 1335 et
991 1304 1097 1335 Petro.

153 1396 212 1428 la.
245 1395 349 1427 Huius
377 1396 440 1428 diei
855 1395 915 1429 lb.
948 1395 1062 1427 Flores
1091 1401 1267 1436 martyrum

295 1444 384 1476 clara
410 1445 578 1476 sollemnia
996 1444 1135 1475 reddunt
1162 1444 1313 1483 celebria,

150 1527 214 1558 2a.
246 1526 316 1565 Qua
343 1526 517 1566 presbyter
848 1526 910 1560 2b.
943 1526 1023 1558 Cum
1051 1526 1210 1557 exorcista

295 1578 426 1606 sanctus
452 1575 570 1607 eximia
998 1575 1093 1606 Petro
1120 1575 1206 1606 socia

246 1622 459 1654 Marcellinus
949 1623 1112 1655 Passionis

295 1670 386 1704 fulsit
413 1672 603 1710 constantia,
997 1671 1132 1702 rutilans
1159 1671 1272 1711 gloria.

148 1755 210 1787 3a.
243 1753 365 1785 Harum
395 1762 538 1785 rosarum
566 1762 710 1793 purpura
851 1756 870 1786 :3
885 1753 916 1786 b.
951 1753 1184 1793 Pracduleique
1211 1752 1385 1793 fraglantia

246 1802 403 1834 Praesens
430 1807 541 1834 vernat
569 1802 717 1842 ecclesia,
948 1801 1040 1833 Felix
1068 1801 1192 1833 redolet
1220 1801 1336 1833 Gallia.

147 1887 210 1917 4a.
242 1884 331 1916 Hora
358 1893 496 1924 namque
846 1884 911 1917 4b.
944 1884 1042 1917 Cuius
1070 1884 1145 1915 inde

293 1933 342 1964 sui
369 1933 532 1973 plantaria
994 1933 1062 1964 miti
1092 1933 1261 1964 clementia

244 1981 379 2022 Spirans
406 1982 519 2014 Austri
942 1981 1122 2012 Fluxerunt

291 2029 444 2070 perflavit
469 2030 584 2071 gratia,
993 2034 1137 2061 aromata
1166 2030 1282 2062 dulcia.

145 2114 205 2147 5a.
236 2112 322 2144 Hinc
347 2119 525 2153 martyrum
846 2111 909 2145 5b.
938 2114 1079 2152 Quorum
1105 2111 1245 2143 effloruit

290 2161 394 2193 virtus
421 2162 549 2202 egregia
991 2161 1136 2200 victoria⁷

240 2209 415 2250 Fragravit
941 2209 984 2241 Ut
1013 2209 1110 2241 arbor

289 2258 372 2290 sicut
400 2266 528 2290 murrae
554 2257 666 2299 copia3
990 2258 1128 2297 palmae,
1156 2256 1240 2288 flecti
1269 2257 1385 2288 nescia.

144 2341 206 2375 63..
237 2340 376 2376 Grossos
402 2350 477 2373 suos
844 2338 906 2373 6b.
939 2339 1039 2372 Dedit
1065 2338 1161 2371 flores

291 2390 367 2423 tulit
393 2389 543 2428 ficulnea,
989 2387 1177 2428 fructusque
1206 2387 1307 2424 vinea,

240 2437 331 2472 Mala
357 2439 619 2480 germinaverunt
939 2437 1079 2470 Odorem
1108 2435 1190 2468 fudit
1218 2435 1338 2468 nardus

288 2488 406 2529 punica
417 2497 426 2530 3
987 2485 1116 2525 pistica.

1224 2539 1279 2568 13*
