1655 2713
191 239 252 274 8a.

191 433 254 466 ea.

170 578 254 611 1022.

170 819 257 852 lla..

175 1013 258 1045 12³.

286 240 459 280 Postquam
486 240 614 274 Galliae

287 287 418 328 reliquit
445 287 536 327 fines,
569 293 711 321 meretur

287 335 372 367 hunc
399 335 512 368 videre
539 337 733 378 Germania3

285 431 337 464 Ibi
363 435 494 464 coactus
520 433 629 464 munia

290 479 379 520 capit
404 480 650 520 praedestinata

286 575 476 609 Indefessus

290 624 399 656 verbis
426 627 459 655 et
488 623 584 656 factis

290 673 396 714 plebis
424 672 552 704 Christo
580 681 698 712 parare

289 725 434 761 pectora,

289 817 354 850 Sed
380 825 452 849 cum
477 825 535 848 suo

291 865 433 898 athletae
460 864 607 897 Christus
640 867 753 905 optata

294 914 492 946 decrevisset
519 913 597 944 dare
624 913 779 953 praemia,

291 1012 390 1051 Quem
417 1012 479 1042 iam
506 1011 633 1051 agmina
660 1011 746 1042 inter

294 1060 447 1092 aetherea

293 1108 365 1140 luce
391 1107 576 1148 praeditum
603 1107 814 1147 postulemus,

294 1160 330 1188 ut
343 1159 454 1188 nostra
467 1155 540 1195 pius
552 1158 655 1196 tergat
667 1155 813 1187 crimina.

813 144 882 179 123
931 162 979 168 —

894 244 914 276 8
926 240 957 273 b.

896 433 959 467 9b.

876 577 963 610 101).

877 815 964 849 11b.

877 1011 920 1043 12
933 1009 963 1050 b,

990 240 1055 273 Sed
1080 239 1140 272 hac
1165 238 1303 270 transita

991 289 1089 321 decus
1115 287 1286 328 gaudendo
1314 283 1486 328 [inclitum]

991 337 1133 377 suscepit
1160 335 1256 367 tellus
1286 334 1413 366 Norica.

992 435 1099 473 Atque
1124 432 1264 472 pastoris
1289 431 1402 463 sedula

993 480 1177 521 frequentat
1201 479 1320 519 officia,

995 577 1209 617 Semetipsum

996 625 1176 656 invincibili

995 672 1056 704 Dei
1084 674 1230 705 muniens
1258 681 1386 712 semper

995 721 1110 760 gratia.

996 816 1158 856 Martyria>

997 864 1139 903 cupitum
1167 864 1262 896 finem
1290 873 1348 904 per
1374 868 1485 896 sancta

995 921 1087 943 sacer
1113 913 1239 952 accepit
1270 912 1455 944 certamina.

996 1010 1076 1042 Eius
1104 1009 1266 1040 credimus
1293 1018 1370 1040 aure

997 1058 1152 1089 benevola

998 1115 1056 1138 nos
1082 1106 1189 1137 audiri
1214 1109 1244 1136 et
1271 1104 1428 1142 obtinere,

996 1158 1029 1186 ut
1050 1154 1170 1186 Christi
1192 1158 1398 1194 protegamur
1412 1152 1516 1193 gratia

585 1252 640 1284 13.
669 1251 763 1283 Nunc
789 1254 820 1283 et
847 1259 906 1291 per
931 1260 1025 1283 omne

669 1299 843 1332 saeculum.

258 1395 368 1430 Hymn.
393 1402 421 1422 et
437 1395 576 1431 Sequent.
599 1404 651 1421 ms.
674 1395 915 1421 Emmeramense
937 1403 1012 1422 saec.
1033 1392 1076 1421 15.
1093 1394 1168 1421 (lm.
1182 1395 1335 1421 Monaeen.
1362 1390 1461 1419 14667.
1480 1406 1515 1410 —

174 1433 228 1468 9b,
252 1433 266 1461 1
289 1433 417 1461 sedulus.
434 1449 471 1453 —
489 1432 558 1466 llb,
584 1432 596 1460 l
619 1434 735 1468 Martyr
756 1433 816 1460 diu.
832 1449 868 1453 —
888 1433 1018 1460 Melodie
1039 1433 1171 1460 offenbar
1195 1430 1513 1466 ,‚Occidenta1.a“,

175 1474 267 1500 somit
292 1472 424 1508 gleiches
446 1472 572 1499 Schema
596 1473 651 1499 wie
678 1474 769 1498 unten
795 1471 843 1498 die
864 1471 1184 1507 Eueharius-Sequenz
1205 1472 1267 1502 (Χῖ.
1293 1468 1358 1499 1341
1378 1470 1437 1496 und
1460 1471 1515 1496 wie

176 1521 200 1537 z.
229 1512 264 1538 B.
293 1511 379 1538 Anal.
408 1511 518 1546 Hymn.
544 1511 598 1542 lx,
626 1511 677 1537 Nr.
699 1508 756 1537 230
783 1510 842 1536 und
871 1507 936 1537 298.
981 1510 1056 1537 Sehr
1077 1511 1256 1537 interessant
1278 1510 1324 1540 ist,
1347 1509 1411 1535 das>-
1434 1508 1515 1534 nicht

175 1558 231 1577 nur
260 1549 319 1577 alle
341 1549 567 1585 Halbstrophen
596 1549 650 1576 auf
673 1554 691 1576 a
721 1548 896 1581 schliessen,
927 1557 986 1575 was
1009 1548 1042 1583 ja
1064 1549 1105 1575 oft
1126 1549 1177 1576 der
1200 1548 1277 1579 Fall,
1300 1547 1428 1574 sondern
1449 1547 1514 1573 dass

176 1587 252 1615 auch
281 1587 329 1615 die
355 1587 511 1615 einzelnen
536 1587 676 1615 Clauseln
696 1587 810 1620 (Verse)
834 1587 917 1622 jeder
944 1587 1069 1622 Strophe
1098 1589 1151 1614 mit
1176 1587 1232 1614 den
1259 1585 1512 1621 entsprechenden

176 1626 322 1654 Klauseln
336 1626 389 1654 der
405 1626 630 1662 Gegenstrophe
643 1626 860 1653 Endassonanz
875 1626 1050 1658 aufweisem
1074 1630 1160 1654 unter
1174 1625 1311 1653 anderen]
1328 1626 1373 1651 ein
1390 1625 1513 1655 Beweis,

175 1665 241 1692 dass
268 1665 317 1693 bei
348 1665 522 1699 Sequenzen
551 1667 643 1692 erster
664 1664 786 1701 Epoche
813 1665 860 1692 (lie
886 1665 1039 1692 einzelnen
1057 1665 1178 1692 (llieder
1205 1666 1286 1692 einer
1308 1663 1434 1699 Strophe
1462 1663 1512 1689 al»-

175 1704 304 1731 zuteilen
326 1704 385 1731 und
407 1704 577 1740 gegeniiber
599 1712 634 1730 zu
656 1703 762 1731 stellen
781 1703 854 1731 sind.

621 1875 682 1906 129.
727 1876 768 1907 De
789 1876 897 1907 saneto
919 1875 1062 1906 Erasmo.

199 1976 259 2009 la.
291 1975 441 2008 Gloriose
466 1979 590 2017 martyr
617 1976 689 2016 Dei,

195 2171 216 2204 2
226 2180 257 2204 a.
286 2170 440 2204 Gaudens
453 2171 486 2204 in
500 2171 662 2204 caelorum
677 2171 814 2212 thronis,

340 2024 367 2057 Ο
392 2025 539 2066 Bramme,
567 2034 625 2057 nos
651 2029 780 2058 orantes

389 2082 518 2114 semper
543 2072 665 2109 refove.

335 2219 366 2252 A
392 2219 524 2254 Christo
553 2220 607 2261 pie
632 2222 766 2252 vocatus

391 2268 498 2301 carnis
524 2277 584 2310 per
604 2267 783 2310 interitum,

194 2366 253 2399 3a.
283 2365 385 2406 Audi,
412 2365 503 2406 regni
531 2364 728 2406 consodalis,

339 2413 482 2447 Tuorum
507 2412 653 2446 fidelium

386 2462 502 2496 Fletus
527 2462 561 2494 in
584 2460 752 2503 periculo;

898 1976 960 2010 lb.
993 1978 1074 2016 Ave,
1102 1976 1188 2017 quod
1215 1980 1364 2016 optamus
1390 1976 1447 2014 rei,

1042 2025 1140 2057 Pater
1166 2024 1229 2065 pie,
1259 2025 1318 2056 hoc
1345 2025 1377 2056 in
1403 2023 1495 2055 nobis

1090 2082 1218 2114 semper
1244 2073 1375 2113 perfice.

899 2170 962 2204 2b.
995 2171 1062 2203 Fac
1089 2180 1146 2203 nos
1173 2174 1247 2202 tuae
1275 2170 1435 2210 passionis

1044 2219 1155 2252 Socios
1181 2219 1214 2250 in
1241 2218 1302 2250 hae
1329 2219 1395 2249 vita
1421 2222 1453 2249 et

1094 2266 1236 2307 gaudere
1262 2269 1336 2306 post
1362 2266 1493 2298 exitum.

895 2363 961 2400 3b.
991 2364 1081 2396 Tuae
1107 2363 1197 2395 laudi
1223 2363 1330 2394 nullus
1356 2363 1431 2395 talis

1039 2412 1109 2444 Deo
1139 2411 1348 2443 servientium

1092 2460 1188 2492 Visus
1214 2463 1264 2492 est
1288 2459 1321 2492 in
1348 2460 1479 2500 populo.
