1655 2713
143 277 187 311 10
197 289 228 312 a.
260 280 383 314 Christi
409 289 484 323 post
508 288 727 321 ascensionem

263 328 414 363 Celebrat
440 333 630 368 divisionem

311 378 428 412 Coetus
453 384 660 422 apostolicus.

139 462 181 496 11
194 471 224 497 a.
255 463 379 498 Romae
405 468 535 500 tandem
555 472 650 503 sedes
669 473 774 514 datur,

262 513 335 545 Illic
361 524 472 557 magus
498 518 700 559 adversatur,

309 563 409 602 Quem
436 570 530 598 necat
555 569 708 608 nequitia.

137 645 179 678 12
193 655 223 680 a.
254 648 353 687 Quem
372 651 414 683 ad
435 653 558 684 caelum
573 663 651 686 crux
666 660 771 689 trans-

484 702 581 742 misit,

258 744 316 776 Cui
331 746 490 790 Christus,
511 759 592 789 quae
609 753 768 793 promisit,

302 793 367 826 Dat
392 800 524 829 aeterna
549 800 680 841 gaudia;

839 477 923 510 111).

834 659 921 692 121).

917 319 924 327 .
957 295 1086 328 Petrum
1108 297 1225 329 Emath
1252 298 1468 338 cathedravit,

956 343 1021 377 Ubi
1045 343 1092 384 fit,
1119 346 1194 377 dum
1220 347 1431 387 praedicavit,

1004 393 1144 433 Populus
1171 394 1355 428 catholicus.

956 479 1040 510 Hine
1067 479 1205 514 Neronis
1229 480 1369 514 fremens
1396 484 1445 515 ira

955 527 1115 560 Adhiberi
1143 529 1240 561 Petro
1267 531 1338 562 dira

1005 575 1173 617 Praecepit
1199 579 1371 620 supplicia.

952 662 1020 701 Quo
1045 663 1202 702 perducat
1230 665 1316 696 Petri
1342 675 1438 706 prece

952 709 1054 741 Puros
1081 720 1137 743 nos
1163 722 1182 743 a
1208 713 1320 753 culpae
1348 714 1439 746 faece

999 757 1176 791 Salvatoris
1203 762 1317 801 gratia.

209 878 297 906 Grad.
322 889 374 907 ms.
398 882 639 912 Praedicator-um
655 886 957 923 Dusseldorpensium
983 899 1059 918 saec.
1086 891 1127 918 15.
1145 894 1216 920 Cod.
1232 895 1462 931 Dusseldorpen.

129 915 166 942 D.
191 914 234 943 11.
257 932 294 935 —
319 917 391 952 1221,
411 919 429 947 2
449 921 584 949 Christus
605 932 701 959 quern.

491 1062 557 1094 270.
599 1064 631 1094 ln
654 1066 756 1097 sancti
778 1066 863 1098 Petri
886 1067 926 1099 ud
949 1069 1092 1102 Vincula.

587 1155 617 1186 1.
646 1155 769 1188 Psallat
796 1166 856 1189 vox
885 1164 999 1193 cuncta

146 1235 205 1267 2³.
237 1236 368 1268 Rectori
395 1240 517 1279 regenti

243 1284 396 1317 decenter
421 1288 583 1331 universa,

238 1333 293 1372 qui
319 1335 506 1368 corroborat
532 1347 618 1376 suos,

240 1389 279 1412 ne
305 1383 525 1424 succumbant,
554 1387 724 1426 vernulas;

143 1463 204 1497 3a.
237 1463 290 1495 Ad
317 1467 529 1506 propaganda
554 1477 647 1501 sacra

241 1512 432 1546 documenta
451 1520 619 1557 promptus
638 1518 778 1552 Bariona

140 1593 201 1626 4a.
233 1593 317 1626 Olim
344 1596 457 1628 umbra

237 1644 375 1675 carceris
402 1646 526 1684 positus
554 1647 663 1682 densa.

137 1725 199 1757 5a.
230 1724 347 1758 Fuisse
371 1727 430 1759 sub
458 1730 604 1763 custodia

234 1773 381 1806 Vinctum
408 1786 468 1816 pro
495 1787 572 1810 cura

229 1832 248 1854 a
276 1823 344 1855 Deo
367 1825 484 1858 collata

230 1873 406 1911 pastorali,
443 1884 506 1906 nou
543 1885 603 1916 pro
634 1877 745 1910 debita

230 1921 391 1961 nequitiae
416 1932 533 1966 poena.

130 2002 190 2037 6a.
219 2002 280 2034 Est
307 2004 409 2037 virtus

222 2051 344 2085 invicta

223 2103 255 2131 et
279 2101 366 2133 salus

223 2149 423 2190 amplissima
449 2151 609 2194 Christus,

224 2198 384 2238 sapientia
409 2208 543 2241 summa,

128 2278 186 2311 7a.
217 2278 364 2314 Proferri
389 2283 490 2315 series
517 2283 615 2316 debet

222 2330 399 2369 ereptionis
425 2333 516 2373 mira,

221 2381 293 2410 acta
318 2378 379 2411 Dei
404 2382 572 2422 potentia:

122 2458 185 2492 8a.
217 2459 287 2493 Poii
313 2462 399 2496 celsa
425 2464 554 2508 ianitor,

218 2509 367 2544 detentus
389 2512 512 2554 absque
536 2523 632 2549 noxa.

150 2566 272 2593 Blumo
280 2588 286 2599 ,
303 2570 476 2600 sequentiae
493 2573 632 2598 Ineditao.
666 2574 713 2599 IX.

846 1245 907 1280 2b.
943 1248 1094 1280 Potenter
1120 1255 1279 1283 sustentat

940 1297 1057 1328 amoris
1084 1298 1132 1329 sui
1158 1298 1295 1343 flamma,

938 1349 971 1375 ut
999 1354 1061 1377 non
1088 1346 1189 1387 flagra
1214 1352 1358 1382 terreant

936 1401 1044 1424 eorum
1071 1397 1272 1436 praecordia.

841 1473 904 1506 3b.
934 1475 1049 1507 Petrus
1075 1477 1263 1510 Herodiana

941 1523 1146 1557 detinebatur
1171 1529 1321 1570 versutia,

838 1602 901 1636 41).
934 1607 1092 1638 Praesens
1119 1610 1193 1640 anni

934 1658 1071 1687 testatur
1098 1657 1166 1688 dies
1193 1662 1297 1691 rotata

837 1735 899 1769 5b.
933 1737 1132 1770 Precabatur
1158 1741 1304 1780 ecclesia,

929 1785 974 1818 Ut
1000 1787 1179 1820 solveretur

927 1839 1039 1875 pastor
1065 1836 1185 1877 absque
1212 1847 1311 1878 mora,

926 1892 966 1914 ne
992 1885 1255 1923 periclitarentur
1282 1889 1378 1920 rudes

927 1931 958 1963 in
986 1932 1049 1964 fide
1075 1940 1250 1975 assumpta.

829 2012 890 2045 61).
924 2013 1053 2047 Catenis

923 2064 1090 2096 astrictum

921 2112 974 2151 qui
1002 2122 1059 2144 sua

921 2161 1054 2193 militem
1083 2163 1238 2196 immensa

921 2210 1055 2242 resolvit
1083 2211 1263 2245 clementia.

822 2288 882 2324 71).
914 2291 1102 2324 Vinclorum
1130 2295 1274 2333 pondere
1292 2296 1437 2329 membra

920 2340 974 2371 vix
1002 2339 1109 2373 ferens
1136 2342 1315 2383 adgravata

922 2389 1009 2428 capit
1043 2399 1188 2422 somnum
1223 2393 1325 2425 noetis
1358 2393 1438 2426 hora

821 2468 885 2503 8b.
915 2470 1014 2503 Sacer
1040 2470 1164 2513 fulgida
1189 2475 1319 2508 nuntius

917 2519 1086 2553 descendit
1111 2521 1151 2554 ab
1177 2524 1261 2565 aula,

1226 2579 1260 2608 16
