1655 2713
759 158 792 161 ψ
847 137 916 171 226
968 157 1009 162 —

249 232 309 264 3a.
341 231 433 264 Felix
459 238 522 264 stat
548 233 676 264 nimium
933 234 995 268 3b.
1031 234 1177 277 „Sancte‚
1203 238 1325 276 sancte,
1352 240 1462 267 sancte

341 281 524 321 angelorum
551 281 684 313 rutilans
1028 281 1136 314 Deus“
1165 283 1260 316 laude
1282 283 1461 324 proclamat

342 333 479 362 caterva.
1026 334 1169 365 aeterna.

246 442 304 474 4a.
338 441 474 474 Sedibus
502 448 551 474 ter
576 444 738 483 quaternis
932 445 994 479 4b.
1025 446 1206 486 Martyrum
1231 447 1307 478 inde
1332 455 1425 478 sacra

340 491 556 530 apostolorum
587 491 676 523 sedet
1026 494 1109 533 legio
1135 499 1288 526 coronata

340 539 444 569 contio
470 538 601 579 fulgida,
1027 542 1154 573 caelesti
1186 542 1363 583 praeminet

339 585 441 617 tribus
467 590 497 617 et
515 587 638 626 linguas
657 587 847 622 iudicatura.
1027 589 1237 622 clarissimum
1264 591 1360 622 decus
1382 590 1414 622 in
1436 590 1534 622 curia.

241 701 303 731 5a.
335 699 377 730 Hi
404 706 475 731 sunt
502 702 628 738 milites,
931 703 992 738 51).
1024 705 1130 744 Atque
1156 706 1244 736 mitia

337 748 389 786 qui
417 749 525 779 mundi
1023 751 1167 784 fecerunt

337 800 527 834 superarunt
553 806 649 837 regna
1022 800 1188 832 immitium
1215 802 1323 834 corda.

239 909 301 940 fia,
335 909 497 942 Honorum
525 918 606 942 serta
931 913 992 948 61).
1025 915 1087 947 Ubi
1114 917 1246 954 perenni

339 957 455 988 dantur
480 959 598 989 sanctis
626 959 732 999 digua,
1024 963 1221 1002 triumphant
1247 965 1349 1004 gloria

335 1005 394 1043 Qui
422 1005 471 1036 vel
498 1007 671 1045 prudentes
1022 1011 1127 1049 Atque
1159 1011 1264 1043 dulcia

335 1057 560 1091 perpetrarunt
587 1054 680 1091 iusta,
1024 1058 1213 1097 depromunt
1241 1061 1363 1092 cantica

334 1100 384 1130 vel
411 1099 474 1131 fide
498 1106 678 1133 constantes
1021 1112 1090 1136 arte
1117 1106 1279 1146 laudiflua,

333 1153 521 1186 spreverunt
549 1154 725 1187 tormenta3
1022 1162 1098 1184 voce
1125 1153 1284 1196 dulciflua,

335 1195 421 1234 Ergo
448 1195 563 1227 habent
1020 1200 1099 1240 Regi
1128 1201 1254 1234 Christo

332 1243 481 1274 caelestia
509 1252 614 1285 regna,
1020 1248 1242 1280 submittentes
1269 1251 1361 1282 colla.

241 1356 298 1388 7a.
330 1356 467 1387 Multum
496 1358 641 1388 recitaris
926 1360 988 1394 7b.
1020 1363 1105 1394 Laus
1132 1363 1190 1394 tibi
1218 1364 1258 1394 sit
1284 1373 1421 1404 semper,

331 1404 426 1435 laude
451 1406 633 1436 caelestium
1017 1409 1158 1448 Christe,
1186 1420 1245 1450 per
1269 1413 1385 1449 omnia.

331 1456 425 1490 atque
456 1452 667 1492 frequentaris
1019 1458 1072 1497 qui
1104 1458 1232 1490 caelesti
1259 1466 1386 1492 sanctos

332 1499 364 1529 in
389 1499 486 1530 choro
512 1500 678 1540 virginum
1021 1510 1170 1536 canentes
1197 1507 1320 1539 cithara

332 1547 483 1588 Alleluia,
1020 1552 1108 1584 foves
1134 1554 1204 1585 luce

333 1595 513 1626 dulcimode
1018 1601 1062 1631 tui
1089 1601 1189 1641 mira;

330 1646 360 1672 te
387 1643 557 1674 decantant
1018 1648 1101 1679 unde
1130 1649 1189 1680 tibi

332 1696 507 1731 martyrum
531 1691 666 1731 agmina.
1017 1697 1250 1736 proclamemus
1275 1708 1353 1731 una:

236 1804 295 1835 aa.
328 1804 378 1835 Da
404 1805 494 1836 nobis
520 1810 651 1836 aeterna
922 1808 984 1842 8b.
1018 1809 1080 1842 Ubi
1107 1816 1269 1844 cantemus
1297 1822 1405 1845 omnes

331 1852 410 1883 caeli
437 1853 561 1893 gaudia:
714 1890 717 1893 ,
1016 1858 1165 1890 Alleluia.

287 1956 369 1983 Miss.
399 1966 449 1983 ms.
475 1959 616 1984 beccense
637 1966 712 1985 saec.
737 1956 780 1985 13.
803 1959 873 1987 Cod.
895 1961 1020 1988 Parisin.
1045 1960 1126 1989 1105.
1147 1978 1184 1982 —-
1204 1962 1254 1994 6b.
1280 1963 1292 1991 l
1315 1966 1392 1993 Tibi.
1416 1983 1450 1987 —
1472 1968 1529 1995 Die

212 1994 345 2029 Sequenz
367 1996 405 2021 ist
419 1997 483 2023 eine
499 1997 697 2031 Bearbeitung
712 1996 763 2023 der
777 1997 869 2025 Prosa
883 1999 1017 2035 gleichen
1032 2001 1178 2037 Anfanges
1191 2003 1222 2028 in
1235 2001 1322 2031 Anal.
1338 2005 1446 2039 Hymn.
1462 2007 1528 2036 VII.

211 2032 360 2103 13:¹53&
383 2048 418 2051 —
442 2034 506 2070 Vgl.
529 2035 577 2062 die
598 2034 784 2071 Bemerkung
804 2045 856 2063 zm·
877 2038 1009 2074 Sequenz
1036 2040 1136 2074 Lyra
1161 2041 1317 2076 pulchra
1341 2042 1439 2077 (Anal.
1466 2046 1529 2079 XL,

647 2226 717 2258 253.
760 2227 800 2257 De
823 2229 930 2258 sancto
951 2228 1086 2259 Nicolao.

234 2334 251 2365 1
264 2343 295 2366 a.
328 2333 495 2366 Nicolaum
523 2335 705 2368 ha1moniae
923 2339 940 2370 1
953 2337 985 2370 b.
1017 2338 1099 2371 Nam
1114 2339 1195 2372 hunc
1209 2341 1343 2374 laudant
1357 2344 1423 2376 vita
1436 2355 1531 2390 pura,

330 2382 448 2414 Trinae
475 2384 607 2415 laudent
631 2384 808 2416 ierarchiae
1019 2386 1154 2420 Florens
1171 2389 1282 2429 virm,
1301 2400 1390 2424 mens
1405 2402 1528 2437 secura,

383 2431 537 2464 Praesens
563 2435 593 2464 et
620 2432 771 2472 ecclesia3
1066 2435 1192 2468 Nobilis
1217 2440 1380 2480 prosapia.
