<?xml version="1.0" encoding="UTF-8"?>
<!DOCTYPE html PUBLIC "-//W3C//DTD XHTML 1.0 Transitional//EN"
    "http://www.w3.org/TR/xhtml1/DTD/xhtml1-transitional.dtd">
<html xmlns="http://www.w3.org/1999/xhtml" xml:lang="en" lang="en">
 <head>
  <title>
</title>
<meta http-equiv="Content-Type" content="text/html;charset=utf-8" />
  <meta name='ocr-system' content='tesseract 3.04.00' />
  <meta name='ocr-capabilities' content='ocr_page ocr_carea ocr_par ocr_line ocrx_word'/>
</head>
<body>
  <div class='ocr_page' id='page_1' title='image "./analectahymnica44drevuoft_0351.png"; bbox 0 0 1655 2713; ppageno 0'>
   <div class='ocr_carea' id='block_1_1' title="bbox 727 141 983 176">
    <p class='ocr_par' dir='ltr' id='par_1_1' title="bbox 727 141 983 176">
     <span class='ocr_line' id='line_1_1' title="bbox 727 141 983 176; baseline 0.012 -2"><span class='ocrx_word' id='word_1_1' title='bbox 727 141 983 176; x_wconf 81' lang='lat'>-346—</span> 
     </span>
    </p>
   </div>
   <div class='ocr_carea' id='block_1_2' title="bbox 195 237 1513 761">
    <p class='ocr_par' dir='ltr' id='par_1_2' title="bbox 195 237 1513 761">
     <span class='ocr_line' id='line_1_2' title="bbox 220 237 1127 273; baseline -0.004 -1"><span class='ocrx_word' id='word_1_2' title='bbox 220 242 283 273; x_wconf 84' lang='lat' dir='ltr'>9a.</span> <span class='ocrx_word' id='word_1_3' title='bbox 314 240 436 272; x_wconf 87' lang='lat' dir='ltr'>Nomen</span> <span class='ocrx_word' id='word_1_4' title='bbox 463 241 535 272; x_wconf 88' lang='lat' dir='ltr'>Iesu</span> <span class='ocrx_word' id='word_1_5' title='bbox 907 238 971 272; x_wconf 85' lang='lat' dir='ltr'>9b.</span> <span class='ocrx_word' id='word_1_6' title='bbox 1003 237 1127 271; x_wconf 90' lang='lat' dir='ltr'>Curiosi</span> 
     </span>
     <span class='ocr_line' id='line_1_3' title="bbox 363 285 1367 328; baseline -0.003 -9"><span class='ocrx_word' id='word_1_7' title='bbox 363 288 549 328; x_wconf 87' lang='lat' dir='ltr'>inscriptum</span> <span class='ocrx_word' id='word_1_8' title='bbox 577 287 677 318; x_wconf 88' lang='lat' dir='ltr'>literis</span> <span class='ocrx_word' id='word_1_9' title='bbox 1048 285 1186 317; x_wconf 83' lang='lat' dir='ltr'>scrutari</span> <span class='ocrx_word' id='word_1_10' title='bbox 1211 286 1367 325; x_wconf 86' lang='lat' dir='ltr'>volentes,</span> 
     </span>
     <span class='ocr_line' id='line_1_4' title="bbox 313 333 1228 369; baseline -0.004 -1"><span class='ocrx_word' id='word_1_11' title='bbox 313 337 382 369; x_wconf 78' lang='lat' dir='ltr'>Hoc</span> <span class='ocrx_word' id='word_1_12' title='bbox 408 337 439 367; x_wconf 92' lang='lat' dir='ltr'>in</span> <span class='ocrx_word' id='word_1_13' title='bbox 465 337 560 367; x_wconf 87' lang='lat' dir='ltr'>corde</span> <span class='ocrx_word' id='word_1_14' title='bbox 1000 334 1063 366; x_wconf 90' lang='lat' dir='ltr'>Per</span> <span class='ocrx_word' id='word_1_15' title='bbox 1088 333 1228 365; x_wconf 83' lang='lat' dir='ltr'>medium</span> 
     </span>
     <span class='ocr_line' id='line_1_5' title="bbox 362 382 1513 421; baseline -0.002 -7"><span class='ocrx_word' id='word_1_16' title='bbox 362 393 429 414; x_wconf 85' lang='lat' dir='ltr'>esse</span> <span class='ocrx_word' id='word_1_17' title='bbox 454 384 486 414; x_wconf 91' lang='lat' dir='ltr'>in</span> <span class='ocrx_word' id='word_1_18' title='bbox 512 383 627 418; x_wconf 75' lang='lat' dir='ltr'>aureis,</span> <span class='ocrx_word' id='word_1_19' title='bbox 1049 390 1164 421; x_wconf 87' lang='lat' dir='ltr'>corpus</span> <span class='ocrx_word' id='word_1_20' title='bbox 1191 382 1388 413; x_wconf 82' lang='lat' dir='ltr'>dissecantes</span> <span class='ocrx_word' id='word_1_21' title='bbox 1508 386 1513 403; x_wconf 44' lang='grc' dir='ltr'><strong>ἱ</strong></span> 
     </span>
     <span class='ocr_line' id='line_1_6' title="bbox 409 429 1509 470; baseline 0.001 -8"><span class='ocrx_word' id='word_1_22' title='bbox 409 432 452 464; x_wconf 92' lang='lat' dir='ltr'>Ut</span> <span class='ocrx_word' id='word_1_23' title='bbox 479 431 572 469; x_wconf 79' lang='lat' dir='ltr'>dixit,</span> <span class='ocrx_word' id='word_1_24' title='bbox 599 431 805 469; x_wconf 77' lang='lat' dir='ltr'>invenerunt3</span> <span class='ocrx_word' id='word_1_25' title='bbox 1096 429 1149 461; x_wconf 87' lang='lat' dir='ltr'>Sic</span> <span class='ocrx_word' id='word_1_26' title='bbox 1182 438 1252 461; x_wconf 90' lang='lat' dir='ltr'>esse</span> <span class='ocrx_word' id='word_1_27' title='bbox 1282 434 1509 470; x_wconf 84' lang='lat' dir='ltr'>cognoverunt.</span> 
     </span>
     <span class='ocr_line' id='line_1_7' title="bbox 195 529 1274 569; baseline -0.004 -5"><span class='ocrx_word' id='word_1_28' title='bbox 195 533 236 564; x_wconf 78' lang='lat'>10</span> <span class='ocrx_word' id='word_1_29' title='bbox 249 541 275 562; x_wconf 84' lang='lat' dir='ltr'>a.</span> <span class='ocrx_word' id='word_1_30' title='bbox 309 531 482 562; x_wconf 79' lang='lat' dir='ltr'>Christiani</span> <span class='ocrx_word' id='word_1_31' title='bbox 880 529 967 564; x_wconf 85' lang='lat' dir='ltr'>lob.</span> <span class='ocrx_word' id='word_1_32' title='bbox 1003 531 1173 569; x_wconf 83' lang='lat' dir='ltr'>Postquam</span> <span class='ocrx_word' id='word_1_33' title='bbox 1201 530 1274 561; x_wconf 89' lang='lat' dir='ltr'>tulit</span> 
     </span>
     <span class='ocr_line' id='line_1_8' title="bbox 359 577 1335 618; baseline -0.001 -9"><span class='ocrx_word' id='word_1_34' title='bbox 359 587 472 618; x_wconf 79' lang='lat' dir='ltr'>corpus</span> <span class='ocrx_word' id='word_1_35' title='bbox 498 577 689 617; x_wconf 76' lang='lat' dir='ltr'>auferentes,</span> <span class='ocrx_word' id='word_1_36' title='bbox 1047 578 1126 609; x_wconf 86' lang='lat' dir='ltr'>dura</span> <span class='ocrx_word' id='word_1_37' title='bbox 1149 578 1335 616; x_wconf 85' lang='lat' dir='ltr'>certamina,</span> 
     </span>
     <span class='ocr_line' id='line_1_9' title="bbox 310 626 1208 666; baseline -0.001 -9"><span class='ocrx_word' id='word_1_38' title='bbox 310 626 353 657; x_wconf 90' lang='lat' dir='ltr'>Hi</span> <span class='ocrx_word' id='word_1_39' title='bbox 380 627 567 665; x_wconf 87' lang='lat' dir='ltr'>permittunt</span> <span class='ocrx_word' id='word_1_40' title='bbox 997 626 1208 666; x_wconf 86' lang='lat' dir='ltr'>Coniungitur</span> 
     </span>
     <span class='ocr_line' id='line_1_10' title="bbox 357 674 1353 713; baseline 0 -9"><span class='ocrx_word' id='word_1_41' title='bbox 357 683 418 705; x_wconf 90' lang='lat' dir='ltr'>non</span> <span class='ocrx_word' id='word_1_42' title='bbox 445 674 711 711; x_wconf 78' lang='lat' dir='ltr'>contradicentes,</span> <span class='ocrx_word' id='word_1_43' title='bbox 1044 674 1128 705; x_wconf 90' lang='lat' dir='ltr'>inter</span> <span class='ocrx_word' id='word_1_44' title='bbox 1154 678 1199 705; x_wconf 91' lang='lat' dir='ltr'>tot</span> <span class='ocrx_word' id='word_1_45' title='bbox 1227 674 1353 713; x_wconf 76' lang='lat' dir='ltr'>agmina</span> 
     </span>
     <span class='ocr_line' id='line_1_11' title="bbox 406 722 1477 761; baseline 0.003 -9"><span class='ocrx_word' id='word_1_46' title='bbox 406 722 505 753; x_wconf 78' lang='lat' dir='ltr'>Terra</span> <span class='ocrx_word' id='word_1_47' title='bbox 532 723 643 761; x_wconf 84' lang='lat' dir='ltr'>procul</span> <span class='ocrx_word' id='word_1_48' title='bbox 670 723 744 756; x_wconf 82' lang='lat' dir='ltr'>alia.</span> <span class='ocrx_word' id='word_1_49' title='bbox 1093 722 1280 753; x_wconf 84' lang='lat' dir='ltr'>Sanctorum</span> <span class='ocrx_word' id='word_1_50' title='bbox 1307 722 1338 753; x_wconf 88' lang='lat' dir='ltr'>in</span> <span class='ocrx_word' id='word_1_51' title='bbox 1364 722 1477 761; x_wconf 77' lang='lat' dir='ltr'>gloria.</span> 
     </span>
    </p>
   </div>
   <div class='ocr_carea' id='block_1_3' title="bbox 263 819 1501 856">
    <p class='ocr_par' dir='ltr' id='par_1_3' title="bbox 263 819 1501 856">
     <span class='ocr_line' id='line_1_12' title="bbox 263 819 1501 856; baseline -0.001 -8"><span class='ocrx_word' id='word_1_52' title='bbox 263 822 399 856; x_wconf 81' lang='lat' dir='ltr'>Sequent.</span> <span class='ocrx_word' id='word_1_53' title='bbox 422 830 473 848; x_wconf 80' lang='lat' dir='ltr'>ms.</span> <span class='ocrx_word' id='word_1_54' title='bbox 489 821 712 848; x_wconf 78' lang='lat' dir='ltr'>Ravennatense</span> <span class='ocrx_word' id='word_1_55' title='bbox 734 823 803 848; x_wconf 87' lang='lat' dir='ltr'>anni</span> <span class='ocrx_word' id='word_1_56' title='bbox 828 819 984 849; x_wconf 74' lang='lat'>1585—87.</span> <span class='ocrx_word' id='word_1_57' title='bbox 1011 821 1081 849; x_wconf 89' lang='lat' dir='ltr'>Cod.</span> <span class='ocrx_word' id='word_1_58' title='bbox 1098 822 1229 849; x_wconf 78' lang='lat' dir='ltr'>Classen.</span> <span class='ocrx_word' id='word_1_59' title='bbox 1251 820 1308 849; x_wconf 77' lang='lat'>360</span> <span class='ocrx_word' id='word_1_60' title='bbox 1326 819 1402 852; x_wconf 88' lang='lat'>(139.</span> <span class='ocrx_word' id='word_1_61' title='bbox 1419 820 1445 848; x_wconf 87' lang='grc'>5.</span> <span class='ocrx_word' id='word_1_62' title='bbox 1461 822 1501 854; x_wconf 81' lang='lat' dir='ltr'>S).</span> 
     </span>
    </p>
   </div>
   <div class='ocr_carea' id='block_1_4' title="bbox 643 981 1048 1012">
    <p class='ocr_par' dir='ltr' id='par_1_4' title="bbox 643 981 1048 1012">
     <span class='ocr_line' id='line_1_13' title="bbox 643 981 1048 1012; baseline 0.002 -2"><span class='ocrx_word' id='word_1_63' title='bbox 643 981 708 1011; x_wconf 78' lang='lat'><strong>359.</strong></span> <span class='ocrx_word' id='word_1_64' title='bbox 751 981 791 1011; x_wconf 84' lang='lat' dir='ltr'>De</span> <span class='ocrx_word' id='word_1_65' title='bbox 814 982 923 1012; x_wconf 84' lang='lat' dir='ltr'>sancta</span> <span class='ocrx_word' id='word_1_66' title='bbox 945 981 1048 1012; x_wconf 85' lang='lat' dir='ltr'>Lucia.</span> 
     </span>
    </p>
   </div>
   <div class='ocr_carea' id='block_1_5' title="bbox 211 1079 1427 1696">
    <p class='ocr_par' dir='ltr' id='par_1_5' title="bbox 211 1079 1427 1696">
     <span class='ocr_line' id='line_1_14' title="bbox 212 1079 1317 1121; baseline 0.004 -12"><span class='ocrx_word' id='word_1_67' title='bbox 212 1080 269 1110; x_wconf 83' lang='lat' dir='ltr'>la.</span> <span class='ocrx_word' id='word_1_68' title='bbox 306 1079 414 1118; x_wconf 82' lang='lat' dir='ltr'>Pange</span> <span class='ocrx_word' id='word_1_69' title='bbox 440 1080 609 1118; x_wconf 83' lang='lat' dir='ltr'>praeconia</span> <span class='ocrx_word' id='word_1_70' title='bbox 901 1080 961 1114; x_wconf 81' lang='lat' dir='ltr'>lb.</span> <span class='ocrx_word' id='word_1_71' title='bbox 993 1080 1079 1114; x_wconf 85' lang='lat' dir='ltr'>Urbs</span> <span class='ocrx_word' id='word_1_72' title='bbox 1106 1081 1317 1121; x_wconf 67' lang='lat' dir='ltr'>Syracusana,</span> 
     </span>
     <span class='ocr_line' id='line_1_15' title="bbox 357 1126 1314 1169; baseline 0.003 -12"><span class='ocrx_word' id='word_1_73' title='bbox 357 1126 473 1157; x_wconf 82' lang='lat' dir='ltr'>Beatae</span> <span class='ocrx_word' id='word_1_74' title='bbox 501 1127 627 1163; x_wconf 86' lang='lat' dir='ltr'>Luciae,</span> <span class='ocrx_word' id='word_1_75' title='bbox 1040 1128 1165 1159; x_wconf 79' lang='lat' dir='ltr'>Nobilis</span> <span class='ocrx_word' id='word_1_76' title='bbox 1192 1130 1314 1169; x_wconf 78' lang='lat' dir='ltr'>civitas,</span> 
     </span>
     <span class='ocr_line' id='line_1_16' title="bbox 311 1175 1358 1215; baseline 0.005 -11"><span class='ocrx_word' id='word_1_77' title='bbox 311 1175 430 1205; x_wconf 80' lang='lat' dir='ltr'>Assum</span> <span class='ocrx_word' id='word_1_78' title='bbox 457 1175 621 1205; x_wconf 79' lang='lat' dir='ltr'>sollemnia</span> <span class='ocrx_word' id='word_1_79' title='bbox 994 1180 1092 1215; x_wconf 70' lang='lat' dir='ltr'>Quam</span> <span class='ocrx_word' id='word_1_80' title='bbox 1120 1182 1215 1208; x_wconf 83' lang='lat' dir='ltr'>vexat</span> <span class='ocrx_word' id='word_1_81' title='bbox 1243 1186 1358 1208; x_wconf 86' lang='lat' dir='ltr'>vesana</span> 
     </span>
     <span class='ocr_line' id='line_1_17' title="bbox 358 1221 1354 1264; baseline 0.005 -13"><span class='ocrx_word' id='word_1_82' title='bbox 358 1221 503 1252; x_wconf 80' lang='lat' dir='ltr'>Summae</span> <span class='ocrx_word' id='word_1_83' title='bbox 529 1222 678 1260; x_wconf 81' lang='lat' dir='ltr'>laetitiae,</span> <span class='ocrx_word' id='word_1_84' title='bbox 1040 1223 1147 1255; x_wconf 83' lang='lat' dir='ltr'><strong>Morbi</strong></span> <span class='ocrx_word' id='word_1_85' title='bbox 1173 1224 1354 1264; x_wconf 88' lang='lat' dir='ltr'>infirmitas,</span> 
     </span>
     <span class='ocr_line' id='line_1_18' title="bbox 405 1269 1427 1306; baseline 0.004 -6"><span class='ocrx_word' id='word_1_86' title='bbox 405 1269 499 1300; x_wconf 81' lang='lat' dir='ltr'>Plebs</span> <span class='ocrx_word' id='word_1_87' title='bbox 527 1274 592 1300; x_wconf 88' lang='lat' dir='ltr'>tota</span> <span class='ocrx_word' id='word_1_88' title='bbox 620 1270 766 1300; x_wconf 86' lang='lat' dir='ltr'>laetetur.</span> <span class='ocrx_word' id='word_1_89' title='bbox 1088 1271 1149 1303; x_wconf 87' lang='lat' dir='ltr'>Per</span> <span class='ocrx_word' id='word_1_90' title='bbox 1175 1276 1206 1302; x_wconf 88' lang='lat' dir='ltr'>te</span> <span class='ocrx_word' id='word_1_91' title='bbox 1233 1273 1427 1306; x_wconf 73' lang='lat' dir='ltr'>sublevetur.</span> 
     </span>
     <span class='ocr_line' id='line_1_19' title="bbox 213 1367 1286 1404; baseline 0.005 -5"><span class='ocrx_word' id='word_1_92' title='bbox 213 1369 270 1399; x_wconf 62' lang='lat' dir='ltr'>fla.</span> <span class='ocrx_word' id='word_1_93' title='bbox 302 1367 354 1399; x_wconf 86' lang='lat' dir='ltr'>Ad</span> <span class='ocrx_word' id='word_1_94' title='bbox 382 1368 504 1399; x_wconf 84' lang='lat' dir='ltr'>bustum</span> <span class='ocrx_word' id='word_1_95' title='bbox 533 1373 663 1399; x_wconf 80' lang='lat' dir='ltr'>sanatur</span> <span class='ocrx_word' id='word_1_96' title='bbox 896 1370 956 1403; x_wconf 69' lang='lat'>21).</span> <span class='ocrx_word' id='word_1_97' title='bbox 987 1370 1019 1402; x_wconf 86' lang='lat' dir='ltr'>Si</span> <span class='ocrx_word' id='word_1_98' title='bbox 1046 1375 1080 1402; x_wconf 85' lang='lat' dir='ltr'>tu</span> <span class='ocrx_word' id='word_1_99' title='bbox 1107 1372 1286 1404; x_wconf 83' lang='lat' dir='ltr'>credideris</span> 
     </span>
     <span class='ocr_line' id='line_1_20' title="bbox 351 1415 1355 1460; baseline 0.006 -14"><span class='ocrx_word' id='word_1_100' title='bbox 351 1416 518 1455; x_wconf 76' lang='lat' dir='ltr'>Sanguinis</span> <span class='ocrx_word' id='word_1_101' title='bbox 544 1415 649 1457; x_wconf 82' lang='lat' dir='ltr'>fluvio,</span> <span class='ocrx_word' id='word_1_102' title='bbox 1035 1419 1172 1450; x_wconf 86' lang='lat' dir='ltr'>Fudisse</span> <span class='ocrx_word' id='word_1_103' title='bbox 1199 1429 1355 1460; x_wconf 79' lang='lat' dir='ltr'>cruorem,</span> 
     </span>
     <span class='ocr_line' id='line_1_21' title="bbox 305 1463 1297 1505; baseline 0.006 -12"><span class='ocrx_word' id='word_1_104' title='bbox 305 1463 428 1494; x_wconf 83' lang='lat' dir='ltr'>Sanitas</span> <span class='ocrx_word' id='word_1_105' title='bbox 450 1464 586 1494; x_wconf 83' lang='lat' dir='ltr'>donatur</span> <span class='ocrx_word' id='word_1_106' title='bbox 988 1466 1104 1505; x_wconf 83' lang='lat' dir='ltr'>Mater,</span> <span class='ocrx_word' id='word_1_107' title='bbox 1132 1468 1297 1499; x_wconf 70' lang='lat' dir='ltr'>sanaberis</span> 
     </span>
     <span class='ocr_line' id='line_1_22' title="bbox 351 1510 1392 1550; baseline 0.007 -9"><span class='ocrx_word' id='word_1_108' title='bbox 351 1512 379 1541; x_wconf 81' lang='lat' dir='ltr'>A</span> <span class='ocrx_word' id='word_1_109' title='bbox 407 1510 465 1541; x_wconf 78' lang='lat' dir='ltr'>Dei</span> <span class='ocrx_word' id='word_1_110' title='bbox 491 1512 568 1550; x_wconf 74' lang='lat' dir='ltr'>tilio,</span> <span class='ocrx_word' id='word_1_111' title='bbox 1036 1514 1098 1545; x_wconf 88' lang='lat' dir='ltr'>Per</span> <span class='ocrx_word' id='word_1_112' title='bbox 1124 1524 1224 1546; x_wconf 87' lang='lat' dir='ltr'>meam</span> <span class='ocrx_word' id='word_1_113' title='bbox 1251 1525 1392 1548; x_wconf 88' lang='lat' dir='ltr'>sororem</span> 
     </span>
     <span class='ocr_line' id='line_1_23' title="bbox 399 1558 1393 1597; baseline 0.009 -9"><span class='ocrx_word' id='word_1_114' title='bbox 399 1558 566 1596; x_wconf 76' lang='lat' dir='ltr'>Quaternis</span> <span class='ocrx_word' id='word_1_115' title='bbox 592 1563 716 1592; x_wconf 85' lang='lat' dir='ltr'>vexata.</span> <span class='ocrx_word' id='word_1_116' title='bbox 1083 1564 1112 1594; x_wconf 93' lang='lat' dir='ltr'>A</span> <span class='ocrx_word' id='word_1_117' title='bbox 1140 1565 1249 1596; x_wconf 87' lang='lat' dir='ltr'>morbo</span> <span class='ocrx_word' id='word_1_118' title='bbox 1275 1565 1393 1597; x_wconf 87' lang='lat' dir='ltr'>levata.</span> 
     </span>
     <span class='ocr_line' id='line_1_24' title="bbox 211 1657 1273 1696; baseline 0.008 -8"><span class='ocrx_word' id='word_1_119' title='bbox 211 1658 269 1690; x_wconf 83' lang='lat' dir='ltr'>3a.</span> <span class='ocrx_word' id='word_1_120' title='bbox 303 1657 418 1688; x_wconf 64' lang='lat' dir='ltr'>Verbis</span> <span class='ocrx_word' id='word_1_121' title='bbox 444 1659 631 1689; x_wconf 78' lang='lat' dir='ltr'>seductricis</span> <span class='ocrx_word' id='word_1_122' title='bbox 898 1661 958 1694; x_wconf 79' lang='lat' dir='ltr'>3b.</span> <span class='ocrx_word' id='word_1_123' title='bbox 990 1662 1098 1694; x_wconf 86' lang='lat' dir='ltr'>Facile</span> <span class='ocrx_word' id='word_1_124' title='bbox 1124 1664 1273 1696; x_wconf 89' lang='lat' dir='ltr'>seductus</span> 
     </span>
    </p>
   </div>
   <div class='ocr_carea' id='block_1_6' title="bbox 351 1705 1393 1753">
    <p class='ocr_par' dir='ltr' id='par_1_6' title="bbox 351 1705 1393 1753">
     <span class='ocr_line' id='line_1_25' title="bbox 351 1705 1393 1753; baseline 0.01 -18"><span class='ocrx_word' id='word_1_125' title='bbox 351 1705 476 1736; x_wconf 88' lang='lat' dir='ltr'>Iuvenis</span> <span class='ocrx_word' id='word_1_126' title='bbox 501 1710 657 1746; x_wconf 71' lang='lat' dir='ltr'>movetur,</span> <span class='ocrx_word' id='word_1_127' title='bbox 1036 1711 1087 1742; x_wconf 89' lang='lat' dir='ltr'>Ad</span> <span class='ocrx_word' id='word_1_128' title='bbox 1113 1711 1227 1743; x_wconf 86' lang='lat' dir='ltr'>bonurn</span> <span class='ocrx_word' id='word_1_129' title='bbox 1256 1713 1393 1753; x_wconf 78' lang='lat' dir='ltr'>ducitur,</span> 
     </span>
    </p>
   </div>
   <div class='ocr_carea' id='block_1_7' title="bbox 303 1751 1362 1847">
    <p class='ocr_par' dir='ltr' id='par_1_7' title="bbox 303 1751 1362 1847">
     <span class='ocr_line' id='line_1_26' title="bbox 303 1751 1362 1803; baseline 0.008 -20"><span class='ocrx_word' id='word_1_130' title='bbox 303 1751 404 1784; x_wconf 87' lang='lat' dir='ltr'>Suasu</span> <span class='ocrx_word' id='word_1_131' title='bbox 429 1753 572 1787; x_wconf 75' lang='lat' dir='ltr'>nutricis,</span> <span class='ocrx_word' id='word_1_132' title='bbox 991 1758 1105 1797; x_wconf 87' lang='lat' dir='ltr'>Sperat</span> <span class='ocrx_word' id='word_1_133' title='bbox 1133 1768 1202 1791; x_wconf 89' lang='lat' dir='ltr'>esse</span> <span class='ocrx_word' id='word_1_134' title='bbox 1229 1759 1362 1803; x_wconf 72' lang='lat' dir='ltr'>fructus,</span> 
     </span>
     <span class='ocr_line' id='line_1_27' title="bbox 352 1799 1272 1847; baseline 0.009 -15"><span class='ocrx_word' id='word_1_135' title='bbox 352 1801 394 1832; x_wconf 92' lang='lat' dir='ltr'>Ut</span> <span class='ocrx_word' id='word_1_136' title='bbox 421 1799 535 1831; x_wconf 78' lang='lat' dir='ltr'>bonum</span> <span class='ocrx_word' id='word_1_137' title='bbox 561 1805 717 1840; x_wconf 80' lang='lat' dir='ltr'>speretur,</span> <span class='ocrx_word' id='word_1_138' title='bbox 1034 1806 1084 1838; x_wconf 92' lang='lat' dir='ltr'>Ibi</span> <span class='ocrx_word' id='word_1_139' title='bbox 1111 1807 1272 1847; x_wconf 90' lang='lat' dir='ltr'>decipitur</span> 
     </span>
    </p>
   </div>
   <div class='ocr_carea' id='block_1_8' title="bbox 398 1847 1449 1893">
    <p class='ocr_par' dir='ltr' id='par_1_8' title="bbox 398 1847 1449 1893">
     <span class='ocr_line' id='line_1_28' title="bbox 398 1847 1449 1893; baseline 0.013 -16"><span class='ocrx_word' id='word_1_140' title='bbox 398 1847 496 1879; x_wconf 85' lang='lat' dir='ltr'>Docet</span> <span class='ocrx_word' id='word_1_141' title='bbox 524 1849 757 1883; x_wconf 87' lang='lat' dir='ltr'>commercium.</span> <span class='ocrx_word' id='word_1_142' title='bbox 1081 1856 1203 1887; x_wconf 86' lang='lat' dir='ltr'>Auctor</span> <span class='ocrx_word' id='word_1_143' title='bbox 1233 1857 1449 1893; x_wconf 87' lang='lat' dir='ltr'>vendentium.</span> 
     </span>
    </p>
   </div>
   <div class='ocr_carea' id='block_1_9' title="bbox 207 1946 733 2179">
    <p class='ocr_par' dir='ltr' id='par_1_9' title="bbox 207 1946 733 2179">
     <span class='ocr_line' id='line_1_29' title="bbox 207 1946 592 1982; baseline 0.01 -5"><span class='ocrx_word' id='word_1_144' title='bbox 207 1947 267 1979; x_wconf 77' lang='lat' dir='ltr'>4a.</span> <span class='ocrx_word' id='word_1_145' title='bbox 300 1946 395 1977; x_wconf 76' lang='lat' dir='ltr'>Novit</span> <span class='ocrx_word' id='word_1_146' title='bbox 423 1947 592 1982; x_wconf 83' lang='lat' dir='ltr'>fallaciam.</span> 
     </span>
     <span class='ocr_line' id='line_1_30' title="bbox 349 1995 659 2039; baseline 0.01 -14"><span class='ocrx_word' id='word_1_147' title='bbox 349 1995 481 2027; x_wconf 75' lang='lat' dir='ltr'>vocavit</span> <span class='ocrx_word' id='word_1_148' title='bbox 507 1996 659 2039; x_wconf 85' lang='lat' dir='ltr'>insanam,</span> 
     </span>
     <span class='ocr_line' id='line_1_31' title="bbox 303 2041 580 2075; baseline 0.011 -3"><span class='ocrx_word' id='word_1_149' title='bbox 303 2041 389 2073; x_wconf 82' lang='lat' dir='ltr'>Dicit</span> <span class='ocrx_word' id='word_1_150' title='bbox 414 2043 580 2075; x_wconf 86' lang='lat' dir='ltr'>stultitiam</span> 
     </span>
     <span class='ocr_line' id='line_1_32' title="bbox 349 2090 699 2130; baseline 0.009 -9"><span class='ocrx_word' id='word_1_151' title='bbox 349 2090 506 2130; x_wconf 88' lang='lat' dir='ltr'>Spernere</span> <span class='ocrx_word' id='word_1_152' title='bbox 532 2092 699 2124; x_wconf 87' lang='lat' dir='ltr'>humanam</span> 
     </span>
     <span class='ocr_line' id='line_1_33' title="bbox 395 2138 733 2179; baseline 0.012 -11"><span class='ocrx_word' id='word_1_153' title='bbox 395 2138 508 2169; x_wconf 85' lang='lat' dir='ltr'>Mundi</span> <span class='ocrx_word' id='word_1_154' title='bbox 531 2140 733 2179; x_wconf 86' lang='lat' dir='ltr'>voluptatem.</span> 
     </span>
    </p>
   </div>
   <div class='ocr_carea' id='block_1_10' title="bbox 892 1953 1438 2186">
    <p class='ocr_par' dir='ltr' id='par_1_10' title="bbox 892 1953 1438 2186">
     <span class='ocr_line' id='line_1_34' title="bbox 892 1953 1348 1996; baseline 0.011 -11"><span class='ocrx_word' id='word_1_155' title='bbox 892 1953 954 1986; x_wconf 84' lang='lat' dir='ltr'>4b.</span> <span class='ocrx_word' id='word_1_156' title='bbox 986 1954 1102 1994; x_wconf 85' lang='lat' dir='ltr'>Legem</span> <span class='ocrx_word' id='word_1_157' title='bbox 1130 1958 1348 1996; x_wconf 70' lang='lat' dir='ltr'>Augustalium</span> 
     </span>
     <span class='ocr_line' id='line_1_35' title="bbox 1033 2003 1391 2046; baseline 0.017 -13"><span class='ocrx_word' id='word_1_158' title='bbox 1033 2003 1131 2044; x_wconf 66' lang='lat' dir='ltr'>Virgo</span> <span class='ocrx_word' id='word_1_159' title='bbox 1157 2010 1391 2046; x_wconf 82' lang='lat' dir='ltr'>contempserat</span> 
     </span>
     <span class='ocr_line' id='line_1_36' title="bbox 987 2049 1321 2085; baseline 0.015 -5"><span class='ocrx_word' id='word_1_160' title='bbox 987 2049 1028 2081; x_wconf 84' lang='lat' dir='ltr'>Et</span> <span class='ocrx_word' id='word_1_161' title='bbox 1055 2060 1088 2081; x_wconf 89' lang='lat' dir='ltr'>se</span> <span class='ocrx_word' id='word_1_162' title='bbox 1115 2052 1321 2085; x_wconf 83' lang='lat' dir='ltr'>christianam</span> 
     </span>
     <span class='ocr_line' id='line_1_37' title="bbox 1034 2098 1335 2134; baseline 0.017 -5"><span class='ocrx_word' id='word_1_163' title='bbox 1034 2098 1114 2130; x_wconf 84' lang='lat' dir='ltr'>Esse</span> <span class='ocrx_word' id='word_1_164' title='bbox 1140 2101 1335 2134; x_wconf 82' lang='lat' dir='ltr'>clamaverat</span> 
     </span>
     <span class='ocr_line' id='line_1_38' title="bbox 1083 2147 1438 2186; baseline 0.02 -8"><span class='ocrx_word' id='word_1_165' title='bbox 1083 2147 1229 2180; x_wconf 82' lang='lat' dir='ltr'>Servans</span> <span class='ocrx_word' id='word_1_166' title='bbox 1247 2151 1438 2186; x_wconf 87' lang='lat' dir='ltr'>castitatem.</span> 
     </span>
    </p>
   </div>
   <div class='ocr_carea' id='block_1_11' title="bbox 207 2238 696 2466">
    <p class='ocr_par' dir='ltr' id='par_1_11' title="bbox 207 2238 696 2466">
     <span class='ocr_line' id='line_1_39' title="bbox 207 2238 569 2271; baseline 0.006 -2"><span class='ocrx_word' id='word_1_167' title='bbox 207 2238 265 2270; x_wconf 88' lang='lat' dir='ltr'>5a.</span> <span class='ocrx_word' id='word_1_168' title='bbox 296 2238 413 2270; x_wconf 85' lang='lat' dir='ltr'>Illaesa</span> <span class='ocrx_word' id='word_1_169' title='bbox 439 2240 569 2271; x_wconf 87' lang='lat' dir='ltr'>castitas</span> 
     </span>
     <span class='ocr_line' id='line_1_40' title="bbox 348 2286 674 2331; baseline 0.009 -13"><span class='ocrx_word' id='word_1_170' title='bbox 348 2286 459 2318; x_wconf 82' lang='lat' dir='ltr'>Manet</span> <span class='ocrx_word' id='word_1_171' title='bbox 484 2288 514 2318; x_wconf 88' lang='lat' dir='ltr'>in</span> <span class='ocrx_word' id='word_1_172' title='bbox 542 2289 674 2331; x_wconf 80' lang='lat' dir='ltr'>virgine,</span> 
     </span>
     <span class='ocr_line' id='line_1_41' title="bbox 301 2333 589 2375; baseline 0.01 -11"><span class='ocrx_word' id='word_1_173' title='bbox 301 2333 442 2366; x_wconf 87' lang='lat' dir='ltr'>Probata</span> <span class='ocrx_word' id='word_1_174' title='bbox 467 2336 589 2375; x_wconf 87' lang='lat' dir='ltr'>puritas</span> 
     </span>
     <span class='ocr_line' id='line_1_42' title="bbox 345 2383 667 2416; baseline 0.009 -2"><span class='ocrx_word' id='word_1_175' title='bbox 345 2383 381 2414; x_wconf 85' lang='lat' dir='ltr'>In</span> <span class='ocrx_word' id='word_1_176' title='bbox 409 2383 467 2414; x_wconf 88' lang='lat' dir='ltr'>hoc</span> <span class='ocrx_word' id='word_1_177' title='bbox 493 2385 667 2416; x_wconf 85' lang='lat' dir='ltr'>certamine</span> 
     </span>
     <span class='ocr_line' id='line_1_43' title="bbox 392 2431 696 2466; baseline 0.01 -4"><span class='ocrx_word' id='word_1_178' title='bbox 392 2431 420 2462; x_wconf 84' lang='lat' dir='ltr'>A</span> <span class='ocrx_word' id='word_1_179' title='bbox 448 2431 515 2463; x_wconf 87' lang='lat' dir='ltr'>Deo</span> <span class='ocrx_word' id='word_1_180' title='bbox 541 2436 696 2466; x_wconf 88' lang='lat' dir='ltr'>servatur.</span> 
     </span>
    </p>
   </div>
   <div class='ocr_carea' id='block_1_12' title="bbox 893 2245 1427 2483">
    <p class='ocr_par' dir='ltr' id='par_1_12' title="bbox 893 2245 1427 2483">
     <span class='ocr_line' id='line_1_44' title="bbox 893 2245 1308 2294; baseline 0.014 -17"><span class='ocrx_word' id='word_1_181' title='bbox 893 2245 954 2279; x_wconf 87' lang='lat' dir='ltr'>5b.</span> <span class='ocrx_word' id='word_1_182' title='bbox 989 2246 1141 2280; x_wconf 80' lang='lat' dir='ltr'>Columna</span> <span class='ocrx_word' id='word_1_183' title='bbox 1171 2250 1308 2294; x_wconf 84' lang='lat' dir='ltr'>firmata,</span> 
     </span>
     <span class='ocr_line' id='line_1_45' title="bbox 1034 2296 1407 2343; baseline 0.021 -17"><span class='ocrx_word' id='word_1_184' title='bbox 1034 2296 1131 2327; x_wconf 87' lang='lat' dir='ltr'>Velut</span> <span class='ocrx_word' id='word_1_185' title='bbox 1157 2307 1245 2330; x_wconf 87' lang='lat' dir='ltr'>mons</span> <span class='ocrx_word' id='word_1_186' title='bbox 1271 2300 1407 2343; x_wconf 87' lang='lat' dir='ltr'>stabilis,</span> 
     </span>
     <span class='ocr_line' id='line_1_46' title="bbox 985 2342 1362 2392; baseline 0.021 -18"><span class='ocrx_word' id='word_1_187' title='bbox 985 2342 1057 2375; x_wconf 85' lang='lat' dir='ltr'>Non</span> <span class='ocrx_word' id='word_1_188' title='bbox 1084 2350 1133 2377; x_wconf 82' lang='lat' dir='ltr'>est</span> <span class='ocrx_word' id='word_1_189' title='bbox 1159 2353 1362 2392; x_wconf 76' lang='lat' dir='ltr'>commutata,</span> 
     </span>
     <span class='ocr_line' id='line_1_47' title="bbox 1033 2391 1340 2438; baseline 0.02 -15"><span class='ocrx_word' id='word_1_190' title='bbox 1033 2391 1095 2424; x_wconf 90' lang='lat' dir='ltr'>Sed</span> <span class='ocrx_word' id='word_1_191' title='bbox 1122 2394 1340 2438; x_wconf 80' lang='lat' dir='ltr'>immutabilis,</span> 
     </span>
     <span class='ocr_line' id='line_1_48' title="bbox 1080 2440 1427 2483; baseline 0.029 -12"><span class='ocrx_word' id='word_1_192' title='bbox 1080 2440 1129 2472; x_wconf 85' lang='lat' dir='ltr'>Ne</span> <span class='ocrx_word' id='word_1_193' title='bbox 1155 2443 1244 2483; x_wconf 83' lang='lat' dir='ltr'>virgo</span> <span class='ocrx_word' id='word_1_194' title='bbox 1269 2447 1427 2482; x_wconf 86' lang='lat' dir='ltr'>trahatur.</span> 
     </span>
    </p>
   </div>
  </div>
 </body>
</html>
