1655 2713
737 155 976 190 -64-

221 250 239 281 5
256 259 284 283 a.
318 250 367 282 Da
393 251 454 282 tuis
481 252 690 292 supplicibus,

316 298 361 331 Ut
387 299 475 330 duris
504 300 680 331 cervicibus

317 346 387 378 Non
415 346 577 379 offendant
601 347 782 380 Dominum.

221 433 241 462 6
257 441 285 464 a.
317 431 378 466 Da,
405 436 439 463 ut
465 433 527 463 tuis
553 432 701 471 precibus

314 480 429 510 Audiri
456 480 629 511 valebimus

314 528 347 558 In
377 528 424 557 his
450 527 566 558 nostris
592 528 733 567 vocibus,

911 255 929 286 5
946 253 976 287 b.
1009 253 1070 293 Da,
1097 257 1132 285 ut
1156 254 1246 287 labes
1271 256 1417 289 cordium

1002 301 1242 342 Abstergantur
1261 305 1400 336 omnium

1004 351 1091 382 Ante
1116 354 1260 382 nostrum
1288 352 1420 387 exitum.

906 434 971 468 61).
1003 436 1047 469 Ut
1073 440 1147 476 post
1173 437 1284 469 mortis
1312 438 1482 471 terminum

1001 483 1119 516 Tecum
1144 485 1176 516 in
1202 490 1393 525 perpetuum

997 531 1101 564 Simus
1127 533 1160 564 in
1186 533 1346 566 solatium.

269 612 351 637 Miss.
378 621 428 637 ms.
457 613 682 640 Dominicanum
712 622 786 640 saec.
815 613 856 641 15.
879 615 948 643 Cod.
971 616 1179 645 Carolsruhan.
1202 619 1252 645 Pm
1282 617 1328 646 54.
1357 634 1395 638 —
1425 619 1474 654 la,
1499 620 1514 648 l

193 658 220 675 u.
246 648 294 679 lb,
318 648 330 675 1
354 650 439 676 Audi.
461 664 497 668 —
518 650 536 677 3
548 659 574 683 a,
599 650 611 678 l
634 652 659 679 Ο
681 652 730 678 lux
753 654 948 681 sanctissima.
973 670 1006 674 —
1028 653 1085 687 4b,
1108 654 1125 683 2
1146 657 1283 684 Habilita
1305 658 1385 693 quod
1407 662 1460 686 est.
1476 673 1511 677 -

192 685 247 717 5a,
282 687 293 713 1
324 688 568 723 supplicantibus.
599 705 634 708 —
666 688 723 723 6a,
755 689 772 717 2
800 691 953 719 Exaudiri.
985 709 1020 713 —
1059 694 1188 722 Melodie
1219 696 1383 723 natiirlich:
1417 698 1513 725 Veni

192 729 323 752 sancte
352 727 526 761 spiritus.

630 841 674 870 62.
718 841 758 871 De
781 843 891 872 sancta
912 842 1067 875 Barbara.

218 928 280 959 la.
312 925 382 960 Ave
410 929 509 970 virgo,
540 934 662 970 martyr
689 931 819 969 Christi,

311 978 497 1007 Aromatum
526 979 677 1009 exstitisti

364 1023 482 1054 Summi
510 1025 592 1064 regis
620 1026 711 1058 cella.

215 1109 277 1141 2a.
311 1107 398 1142 Caeli
424 1118 559 1148 sponsus
586 1115 617 1141 te
645 1111 756 1142 dilexit

310 1156 416 1195 Teque
442 1157 503 1187 sibi
529 1158 575 1188 sie
601 1158 742 1198 adnexit,

357 1204 399 1235 Ut
424 1204 467 1236 sis
493 1205 559 1236 eius
587 1207 682 1238 socia.

214 1336 276 1367 321.
309 1332 407 1375 Euge,
437 1337 586 1368 mundum
612 1341 781 1378 superasti,

308 1383 413 1414 Patris
439 1384 518 1415 iram
545 1395 606 1416 non
633 1388 752 1418 curasti

353 1432 541 1470 Quaerentis
568 1437 598 1464 te
620 1434 652 1464 in
676 1443 813 1474 nemore,

206 1516 224 1545 4
241 1524 268 1547 a.
302 1512 427 1548 Gaudet
455 1526 537 1549 nunc
563 1517 657 1549 turba
680 1520 812 1562 caelica,

302 1564 403 1595 Arma
428 1565 523 1595 sumit
549 1565 664 1597 bellica

351 1612 448 1652 Virgo
476 1613 619 1651 puerilis,

209 1698 226 1726 5
243 1705 271 1728 a.
303 1694 454 1729 Induitur
480 1698 584 1730 cilicio

349 1745 400 1775 Ad
436 1746 541 1776 carnis
573 1747 807 1787 detrimentum,

301 1791 494 1831 Conspuitur
518 1794 685 1835 supplicio,

349 1839 479 1871 Gratiae
505 1846 705 1881 augmentum

396 1887 534 1928 Suscipit
561 1890 748 1929 piissimum,

205 1973 224 2004 6
242 1982 269 2005 a.
302 1971 387 2006 Luce
415 1974 522 2006 divina
547 1975 578 2006 in
607 1985 734 2008 carcere

347 2021 447 2053 Grata
473 2023 646 2063 consolata,

299 2070 432 2101 Insanos
459 2069 549 2102 fanos
574 2081 707 2111 parcere

347 2117 466 2149 Nolens
493 2127 576 2157 care,
603 2130 711 2162 gnare,

392 2165 482 2197 Mitis
507 2167 540 2198 in
566 2166 697 2208 flagitio,

203 2250 219 2281 7
235 2259 263 2282 a.
297 2247 426 2284 Nudata
451 2252 519 2285 sive
545 2257 639 2293 tecta,

296 2299 402 2335 Pecta,
435 2300 527 2342 lecta,
555 2300 684 2345 [secta]‚
711 2308 804 2337 vecta

293 2347 345 2379 Ad
373 2347 472 2390 Uriel,

293 2395 379 2434 Quae
405 2396 456 2427 hic
482 2396 596 2430 fortior
618 2399 708 2431 Ariel

341 2445 376 2476 In
404 2445 491 2477 luctu
517 2447 708 2480 certaminis.

906 935 921 965 1
941 933 971 967 b.
1001 931 1159 974 Barbara,
1187 937 1255 968 Deo
1281 938 1461 980 credidisti,

1001 982 1106 1014 Patris
1132 984 1219 1016 idola
1245 986 1407 1026 sprevisti,

1048 1030 1204 1071 Flagrans
1231 1033 1291 1064 Dei
1317 1034 1423 1068 stella.

900 1116 919 1146 2
936 1114 966 1147 b.
999 1113 1135 1148 Domum
1161 1119 1283 1158 patris,
1315 1129 1409 1159 quam
1436 1119 1507 1152 fuu-

1223 1167 1317 1203 dasti,

994 1211 1093 1242 Trina
1118 1212 1188 1244 luce
1214 1214 1383 1246 illustrasti

1040 1259 1208 1293 Trinitatis
1235 1262 1348 1301 gratia.

895 1344 914 1375 3
930 1342 960 1374 b.
996 1339 1145 1383 Figuram
1172 1349 1207 1377 tu
1232 1348 1386 1380 trinitatis

994 1392 1083 1423 Patri
1108 1402 1221 1425 narras
1248 1395 1354 1427 verbis
1381 1398 1462 1429 ratis

1042 1440 1078 1470 In
1104 1443 1267 1479 praesenti
1293 1447 1448 1484 tempore.

893 1524 914 1554 4
930 1522 960 1556 b.
993 1521 1082 1556 Haec
1108 1529 1155 1556 est
1180 1527 1282 1565 patris
1309 1529 1466 1569 confusio,

990 1572 1132 1603 Deorum
1158 1573 1274 1611 illusio,

1037 1619 1121 1651 Dum
1149 1626 1250 1653 certat
1275 1624 1414 1660 subtiliS.

894 1705 913 1735 5
929 1703 960 1736 b.
991 1702 1171 1738 Karissima
1197 1707 1276 1740 haec
1301 1711 1419 1743 nobilis

1037 1753 1122 1785 Rosa
1148 1755 1216 1787 sine
1242 1758 1345 1797 spina,

988 1800 1186 1839 Castissima,
1214 1813 1272 1835 nec
1297 1806 1435 1848 mobilis,

1033 1848 1077 1880 Ut
1104 1850 1143 1881 de
1170 1851 1364 1892 Engaddina

1079 1897 1190 1929 Vinum
1204 1904 1251 1931 est
1266 1901 1508 1940 dulcissimum,v

889 1981 908 2012 6
925 1980 955 2013 b.
986 1978 1162 2016 Maximino
1189 1985 1268 2017 haec
1294 1989 1417 2022 tradita

1031 2030 1074 2061 Et
1100 2033 1280 2072 exspoliata

982 2077 1096 2109 Nervis
1115 2080 1244 2113 chordis
1263 2087 1311 2115 est
1326 2085 1491 2127 discerpta

1027 2126 1070 2157 Et
1097 2133 1210 2166 parata
1237 2135 1308 2163 rata

1076 2175 1111 2206 In
1140 2176 1201 2208 Dei
1226 2180 1370 2214 servitio.

889 2258 906 2290 '7
923 2258 954 2292 b.
987 2256 1142 2293 Omnibus
1167 2264 1320 2308 gratiosa,

983 2306 1092 2348 Glosa‚
1119 2319 1202 2353 rosa,
1230 2321 1337 2354 prosa,
1365 2325 1422 2348 osa

981 2355 1024 2387 Et
1051 2354 1200 2399 formosa,

983 2403 1087 2445 Super
1111 2407 1229 2440 multas
1254 2409 1401 2445 virtuosa

1029 2452 1121 2486 Dono
1147 2454 1207 2487 Dei
1233 2455 1383 2496 flaminis.
