1655 2713
737 155 994 189 —144—

601 304 663 335 153.
705 304 747 335 De
768 306 878 336 saneto
899 305 1121 337 Hei-maehum.

226 404 283 435 la.
315 403 407 435 Plebs
435 404 540 434 tidelis
566 403 802 435 Hei-niachorae

318 452 504 482 Gratuletur
528 452 558 482 in
587 451 714 492 honore,

317 499 363 529 De
389 508 450 537 quo
478 499 580 530 Marci
608 507 791 530 successore

364 546 486 577 Gaudet
513 547 693 586 Aquilegia.

221 642 278 672 2a.
312 641 451 673 Mentem
481 641 573 681 culpa
601 646 739 673 veterem

314 689 464 720 Reddens
493 688 554 720 fide
581 689 745 731 puberem,

312 735 461 767 ,afflictus
488 737 518 768 in
546 747 705 768 carcerem

362 784 597 816 Hermachoras
624 786 780 827 mittitur3

217 879 278 910 321.
309 882 377 916 Quo
404 884 555 918 precante
586 881 752 912 Dominum

360 926 421 958 Pro
447 936 480 957 se
507 931 537 958 et
564 937 622 967 pro
649 930 763 960 ceteris

308 974 423 1013 Fulget
448 978 540 1014 pater
565 975 716 1007 luminum

357 1022 392 1052 In
419 1023 542 1054 occulto
572 1025 719 1056 carceris.

214 1118 275 1148 4a.
310 1115 407 1147 Fama
434 1117 513 1148 lucis
539 1118 713 1156 nuntiatur,

308 1165 409 1197 Caeca
441 1164 542 1195 lucem
570 1166 815 1207 contemplatur,

310 1211 389 1242 Fide
415 1212 518 1250 patris
545 1212 701 1244 liberatur

358 1259 439 1290 Puer
465 1269 483 1290 a
509 1259 686 1293 daemonio.

215 1355 273 1384 5³.
305 1353 402 1391 Quem
430 1355 582 1386 Sevastus
608 1356 733 1386 nornine

307 1400 367 1431 Seu
395 1410 428 1432 se
454 1406 582 1433 vastans
609 1403 739 1434 crimine

307 1448 369 1478 Pro
396 1448 515 1481 Christi
542 1451 714 1481 certamine

354 1496 499 1527 Vinctum
538 1498 637 1528 tradit
675 1500 806 1533 carceri.

211 1591 268 1621 63.
301 1590 413 1624 Noctu.
441 1600 573 1631 quorum
599 1601 696 1632 opere

352 1638 471 1669 Diescit
499 1640 621 1679 religio,

307 1685 449 1717 Decollat
476 1687 507 1717 in
535 1696 662 1718 carcere

351 1733 462 1764 Gentis
489 1736 684 1774 superstitio.

911 404 972 437 lb.
1003 405 1106 436 Huius
1142 414 1272 438 consors
1310 407 1518 444 Fortunatus.

1005 453 1064 491 Qui
1091 458 1138 484 est
1165 463 1240 486 vere
1266 454 1462 493 fortunatus,

1004 500 1085 532 Nam
1113 511 1182 533 cum
1209 502 1265 534 illo
1291 508 1462 536 coronatus

1053 549 1205 581 Passione
1231 551 1328 584 socia.

905 643 964 676 2b.
998 644 1057 683 Qui
1084 646 1276 685 contemptis
1302 646 1447 679 omnibus

1004 692 1120 724 Poenis
1146 698 1177 724 et
1204 694 1381 726 tortoribus

999 739 1071 771 Non
1098 740 1203 779 minis,
1231 751 1293 773 non
1319 743 1482 784 precibus,

1048 787 1119 820 Non
1146 792 1272 822 terrore
1297 789 1467 830 frangitur.

905 882 967 915 3b.
1000 883 1172 916 Pontianus
1199 885 1298 924 igitur

1050 931 1167 964 Lumen
1208 934 1339 965 missum
1373 935 1509 967 caelitus

999 979 1095 1010 Videt
1119 984 1151 1010 et
1177 979 1318 1012 efficitur

1045 1026 1212 1067 Templum
1239 1030 1341 1061 sancti
1360 1030 1505 1070 spiritus.

901 1120 963 1152 4b.
997 1121 1076 1152 Inde
1102 1123 1193 1154 multi
1221 1123 1378 1164 baptizati

994 1169 1094 1201 Manu
1120 1172 1222 1202 sancti
1251 1172 1421 1204 Fortunati

995 1216 1079 1248 Dant
1107 1218 1259 1250 honorem
1285 1221 1433 1257 trinitati,

1041 1266 1184 1298 Credunt
1210 1267 1271 1298 Dei
1297 1267 1376 1301 filio.

899 1358 960 1391 5b.
992 1359 1040 1391 Ibi
1066 1360 1160 1392 simul
1185 1362 1289 1394 socias

992 1407 1119 1440 Christo
1143 1409 1285 1442 reddunt
1310 1413 1430 1451 gratias

989 1455 1102 1487 Illatas
1129 1457 1262 1489 iniurias

1036 1504 1245 1537 Ascribentes
1271 1507 1404 1541 muneri.

895 1596 957 1629 tib.
987 1599 1126 1637 Quorum
1151 1601 1204 1640 qui
1230 1601 1390 1641 capitibus

1035 1646 1127 1679 Serta
1155 1648 1209 1679 dat
1235 1650 1401 1689 victoriae,

987 1693 1053 1725 Nos
1080 1704 1187 1727 eorum
1214 1698 1363 1736 precibus

1035 1742 1217 1783 Configuret
1243 1746 1374 1785 gloriae.

259 1835 345 1861 Grad.
374 1846 425 1863 ms.
454 1838 634 1865 Civitatense
661 1849 736 1868 saec.
758 1839 800 1868 14.
822 1843 862 1869 in.
885 1844 954 1870 eod.
978 1844 1133 1874 civitaten.
1154 1848 1262 1876 LVIII.
1284 1850 1320 1878 A.
1342 1865 1378 1870 —
1401 1852 1490 1880 Grad.

182 1882 233 1899 ms.
261 1873 442 1902 civitatense
471 1884 545 1902 saec.
579 1876 622 1904 14.
644 1878 714 1905 Cod.
737 1880 894 1908 Civitaten.
917 1882 1052 1910 LXXIX.
1074 1886 1106 1912 B.
1130 1902 1164 1905 —
1185 1887 1272 1923 Trop.
1302 1892 1330 1916 et
1351 1890 1490 1926 Sequent.

181 1921 233 1937 ms.
257 1912 437 1940 Civitatense
464 1922 540 1941 saec.
566 1914 608 1941 14.
630 1916 700 1943 Cod.
723 1916 878 1947 Civitaten.
903 1920 971 1948 LVI
990 1920 1058 1955 (20).
1080 1923 1111 1951 C.
1133 1939 1169 1943 —
1191 1926 1278 1962 Trop.
1301 1931 1330 1954 et
1351 1928 1491 1964 Sequent.

181 1960 232 1976 ωε.
256 1950 464 1986 Aquilegiense
486 1961 560 1979 saec.
586 1953 628 1980 15.
651 1955 720 1982 Cod.
744 1956 851 1985 Semin.
873 1959 1021 1987 Goricien.
1035 1961 1063 1987 J.
1086 1962 1122 1988 D.
1145 1977 1179 1981 —
1195 1964 1278 1992 Miss.
1300 1966 1493 2002 Aquileiense

180 1989 248 2023 imp.
270 1989 402 2016 venetiis
426 1989 507 2017 1503.
530 1991 564 2018 Ε.
581 2006 617 2010 -
631 1993 714 2020 Miss.
735 1994 925 2030 Aquileiense
946 1999 1014 2033 imp.
1037 1999 1170 2028 Venetiis
1194 2001 1276 2030 1517.
1297 2005 1329 2031 F.
1344 2021 1380 2024 —
1397 2005 1450 2039 la,
1472 2006 1491 2035 2

178 2026 364 2054 Gratulemur
385 2027 415 2054 C.
439 2044 472 2047 —
501 2029 561 2060 la.
585 2029 603 2057 4
623 2032 763 2065 Aquileia
783 2033 817 2065 Ε,
839 2034 985 2071 Aquileya
1006 2037 1037 2064 F.
1059 2052 1095 2056 —-
1120 2038 1172 2072 lb,
1197 2041 1209 2068 l
1232 2042 1324 2070 Cuius
1345 2044 1433 2072 DEF.
1458 2061 1492 2065 —

180 2064 237 2095 lb,
264 2063 281 2091 2
306 2065 377 2092 fehlt
400 2066 458 2093 EF.
482 2082 516 2086 —
538 2066 598 2101 2a,
632 2068 644 2095 1
667 2070 789 2098 Gentem
811 2072 870 2099 EF.
894 2088 930 2092 —
951 2072 1013 2107 2a,
1041 2073 1059 2102 3
1089 2077 1162 2104 fehlt
1182 2079 1218 2106 E.
1242 2095 1279 2100 —
1299 2079 1362 2115 21³,
1392 2082 1411 2110 4
1431 2084 1493 2112 Nec

174 2103 262 2130 ΒΕΓ.
287 2118 318 2121 -
341 2103 406 2136 4a,
435 2103 452 2132 2
474 2106 571 2133 lumen
593 2107 650 2134 EF.
673 2123 710 2128 κ
730 2108 792 2140 41),
824 2110 836 2137 1
860 2111 945 2139 Unde
966 2113 1054 2140 DEF.
1076 2129 1112 2134 —
1133 2115 1194 2149 5b‚
1227 2118 1239 2145 1
1264 2120 1323 2147 Ubi
1344 2121 1432 2150 DEF.
1455 2137 1493 2143 —

174 2140 191 2167 5
206 2142 230 2171 h,
253 2140 270 2168 :2
288 2144 411 2169 sanctas
434 2144 557 2171 reddunt
574 2145 634 2173 EF.
649 2161 685 2165 --
700 2145 717 2174 6
730 2156 755 2178 a,
777 2148 795 2175 3
810 2150 1001 2178 Decollantur
1015 2153 1082 2187 EF;
1103 2155 1134 2181 in
1154 2156 1227 2183 fehlt
1242 2158 1275 2184 F.
1294 2172 1331 2177 —
1346 2158 1401 2192 6³,
1422 2160 1442 2188 4
1454 2177 1493 2182 —

173 2177 233 2213 6b,
261 2178 279 2207 3
305 2181 402 2208 fehlen
430 2182 490 2209 EF.
514 2198 546 2201 —
571 2182 631 2216 6b,
662 2183 680 2211 4
701 2186 858 2222 Configura.
879 2188 917 2220 C,
946 2189 1129 2227 praefigurat
1148 2193 1209 2221 EF.
1230 2211 1267 2214 —
1288 2196 1492 2228 Vorstehende

173 2218 306 2254 Sequenz
336 2228 397 2246 war
426 2222 457 2247 in
487 2230 611 2249 unseren
644 2224 786 2252 Analecta
816 2227 924 2261 Hymn.
949 2228 1048 2261 (VIII.
1080 2231 1130 2258 Nr.
1163 2231 1228 2267 184)
1259 2243 1325 2262 nur
1356 2245 1409 2264 aus
1440 2238 1493 2266 dei·

173 2257 277 2290 Quelle
298 2258 323 2285 E
350 2260 520 2294 mitgeteilt3
542 2260 765 2290 Misset-Weale
786 2263 882 2292 haben
904 2267 947 2293 sie
972 2266 1007 2294 12
1026 2268 1118 2296 Jahre
1139 2272 1239 2306 spater
1258 2273 1354 2305 (Anal.
1376 2276 1490 2313 Liturg.

170 2296 199 2322 11
212 2315 218 2327 ,
240 2296 289 2322 Nr.
313 2295 379 2326 911)
399 2298 463 2324 aufs
485 2307 560 2326 neue
581 2308 634 2326 aus
656 2301 737 2328 einer
757 2303 892 2339 einzigen
912 2304 988 2332 noch
1005 2306 1149 2342 jungeren
1171 2310 1284 2344 Quelle.
1306 2314 1436 2342 nimlich
1457 2317 1489 2348 F,

172 2334 336 2368 publiziert.
374 2336 432 2363 Zur
453 2337 581 2374 Hebung
605 2338 656 2366 der
684 2340 751 2367 sehr
772 2342 929 2370 sffirenden
950 2343 1088 2378 Lucium,
1115 2348 1224 2376 welche
1245 2351 1286 2377 im
1306 2352 1489 2387 gedruckten

171 2373 292 2400 Missale
313 2383 371 2401 von
392 2375 531 2411 Aquileia
551 2385 598 2404 am
619 2378 752 2414 Anfange
774 2380 833 2407 und
851 2380 968 2409 Schluss
991 2382 1054 2410 sich
1076 2385 1238 2421 vorfinden,
1261 2389 1363 2418 schien
1383 2401 1414 2419 es
1435 2401 1488 2421 an-

169 2413 297 2448 gezeigt,
331 2413 378 2440 die
409 2422 501 2449 ganze
527 2415 660 2451 Sequenz
687 2425 740 2444 aus
771 2418 826 2445 den
854 2421 1032 2448 inzwischen
1059 2424 1243 2459 gefundenen
1269 2428 1396 2462 Quellen
1422 2433 1487 2460 aufe

168 2458 242 2477 neue
263 2451 510 2488 herauszugeben.
