<?xml version="1.0" encoding="UTF-8"?>
<!DOCTYPE html PUBLIC "-//W3C//DTD XHTML 1.0 Transitional//EN"
    "http://www.w3.org/TR/xhtml1/DTD/xhtml1-transitional.dtd">
<html xmlns="http://www.w3.org/1999/xhtml" xml:lang="en" lang="en">
 <head>
  <title>
</title>
<meta http-equiv="Content-Type" content="text/html;charset=utf-8" />
  <meta name='ocr-system' content='tesseract 3.04.00' />
  <meta name='ocr-capabilities' content='ocr_page ocr_carea ocr_par ocr_line ocrx_word'/>
</head>
<body>
  <div class='ocr_page' id='page_1' title='image "./analectahymnica44drevuoft_0270.png"; bbox 0 0 1655 2713; ppageno 0'>
   <div class='ocr_carea' id='block_1_1' title="bbox 694 170 952 206">
    <p class='ocr_par' dir='ltr' id='par_1_1' title="bbox 694 170 952 206">
     <span class='ocr_line' id='line_1_1' title="bbox 694 170 952 206; baseline 0.004 -1"><span class='ocrx_word' id='word_1_1' title='bbox 694 170 857 206; x_wconf 87' lang='lat'>—267</span> <span class='ocrx_word' id='word_1_2' title='bbox 910 189 952 194; x_wconf 89' lang='lat'>—</span> 
     </span>
    </p>
   </div>
   <div class='ocr_carea' id='block_1_2' title="bbox 180 265 1325 310">
    <p class='ocr_par' dir='ltr' id='par_1_2' title="bbox 180 265 1325 310">
     <span class='ocr_line' id='line_1_2' title="bbox 180 265 1325 310; baseline 0.001 -12"><span class='ocrx_word' id='word_1_3' title='bbox 180 266 240 299; x_wconf 71' lang='lat'>3³.</span> <span class='ocrx_word' id='word_1_4' title='bbox 273 265 413 306; x_wconf 84' lang='lat' dir='ltr'>Quorum</span> <span class='ocrx_word' id='word_1_5' title='bbox 439 267 560 299; x_wconf 85' lang='lat' dir='ltr'>sanctis</span> <span class='ocrx_word' id='word_1_6' title='bbox 586 267 738 308; x_wconf 81' lang='lat' dir='ltr'><strong>precibus</strong></span> <span class='ocrx_word' id='word_1_7' title='bbox 881 268 941 303; x_wconf 90' lang='lat' dir='ltr'>3b.</span> <span class='ocrx_word' id='word_1_8' title='bbox 973 268 1145 301; x_wconf 85' lang='lat' dir='ltr'>Terrorem</span> <span class='ocrx_word' id='word_1_9' title='bbox 1170 268 1325 310; x_wconf 83' lang='lat' dir='ltr'>praetorii</span> 
     </span>
    </p>
   </div>
   <div class='ocr_carea' id='block_1_3' title="bbox 178 314 1417 1322">
    <p class='ocr_par' dir='ltr' id='par_1_3' title="bbox 178 314 1417 1322">
     <span class='ocr_line' id='line_1_3' title="bbox 277 314 1378 358; baseline 0.001 -12"><span class='ocrx_word' id='word_1_10' title='bbox 277 314 396 347; x_wconf 86' lang='lat' dir='ltr'><strong>Haurit</strong></span> <span class='ocrx_word' id='word_1_11' title='bbox 423 324 442 347; x_wconf 79' lang='lat' dir='ltr'>a</span> <span class='ocrx_word' id='word_1_12' title='bbox 469 316 662 349; x_wconf 84' lang='lat' dir='ltr'>caelestibus</span> <span class='ocrx_word' id='word_1_13' title='bbox 976 317 1107 358; x_wconf 85' lang='lat' dir='ltr'>Sprevit</span> <span class='ocrx_word' id='word_1_14' title='bbox 1132 326 1205 358; x_wconf 87' lang='lat' dir='ltr'>spes</span> <span class='ocrx_word' id='word_1_15' title='bbox 1232 315 1378 356; x_wconf 86' lang='lat' dir='ltr'>martyrii</span> 
     </span>
     <span class='ocr_line' id='line_1_4' title="bbox 326 363 1344 404; baseline 0.002 -10"><span class='ocrx_word' id='word_1_16' title='bbox 326 363 450 404; x_wconf 84' lang='lat' dir='ltr'>Agonis</span> <span class='ocrx_word' id='word_1_17' title='bbox 475 364 614 404; x_wconf 81' lang='lat' dir='ltr'>solacia3</span> <span class='ocrx_word' id='word_1_18' title='bbox 1023 366 1102 398; x_wconf 91' lang='lat' dir='ltr'>Cum</span> <span class='ocrx_word' id='word_1_19' title='bbox 1128 365 1189 398; x_wconf 86' lang='lat' dir='ltr'>Dei</span> <span class='ocrx_word' id='word_1_20' title='bbox 1214 365 1344 398; x_wconf 84' lang='lat' dir='ltr'>fiducia.</span> 
     </span>
     <span class='ocr_line' id='line_1_5' title="bbox 180 449 1295 494; baseline 0.002 -12"><span class='ocrx_word' id='word_1_21' title='bbox 180 449 241 484; x_wconf 71' lang='lat'>48.</span> <span class='ocrx_word' id='word_1_22' title='bbox 272 449 352 482; x_wconf 87' lang='lat' dir='ltr'>Post</span> <span class='ocrx_word' id='word_1_23' title='bbox 376 450 456 482; x_wconf 91' lang='lat' dir='ltr'>haec</span> <span class='ocrx_word' id='word_1_24' title='bbox 482 451 600 484; x_wconf 85' lang='lat' dir='ltr'>luctam</span> <span class='ocrx_word' id='word_1_25' title='bbox 621 456 793 485; x_wconf 81' lang='lat' dir='ltr'>conserunt</span> <span class='ocrx_word' id='word_1_26' title='bbox 878 452 941 486; x_wconf 83' lang='lat' dir='ltr'>4b.</span> <span class='ocrx_word' id='word_1_27' title='bbox 973 453 1072 494; x_wconf 82' lang='lat' dir='ltr'>Virgo</span> <span class='ocrx_word' id='word_1_28' title='bbox 1098 462 1194 485; x_wconf 85' lang='lat' dir='ltr'>causa.</span> <span class='ocrx_word' id='word_1_29' title='bbox 1219 452 1295 484; x_wconf 88' lang='lat' dir='ltr'>fidei</span> 
     </span>
     <span class='ocr_line' id='line_1_6' title="bbox 277 497 1236 533; baseline 0.003 -4"><span class='ocrx_word' id='word_1_30' title='bbox 277 497 321 530; x_wconf 87' lang='lat' dir='ltr'>Et</span> <span class='ocrx_word' id='word_1_31' title='bbox 348 498 389 530; x_wconf 86' lang='lat' dir='ltr'>de</span> <span class='ocrx_word' id='word_1_32' title='bbox 413 499 480 531; x_wconf 84' lang='lat' dir='ltr'>suis</span> <span class='ocrx_word' id='word_1_33' title='bbox 507 499 678 532; x_wconf 82' lang='lat' dir='ltr'>conferunt</span> <span class='ocrx_word' id='word_1_34' title='bbox 977 501 1109 533; x_wconf 82' lang='lat' dir='ltr'>Tolerat</span> <span class='ocrx_word' id='word_1_35' title='bbox 1135 501 1236 532; x_wconf 85' lang='lat' dir='ltr'>eculei</span> 
     </span>
     <span class='ocr_line' id='line_1_7' title="bbox 327 546 1417 591; baseline 0.002 -13"><span class='ocrx_word' id='word_1_36' title='bbox 327 546 428 579; x_wconf 87' lang='lat' dir='ltr'>Fides</span> <span class='ocrx_word' id='word_1_37' title='bbox 455 551 486 579; x_wconf 89' lang='lat' dir='ltr'>et</span> <span class='ocrx_word' id='word_1_38' title='bbox 512 548 670 591; x_wconf 69' lang='lat' dir='ltr'>perfidia,</span> <span class='ocrx_word' id='word_1_39' title='bbox 1026 550 1149 581; x_wconf 83' lang='lat' dir='ltr'>Poenas</span> <span class='ocrx_word' id='word_1_40' title='bbox 1175 554 1207 580; x_wconf 89' lang='lat' dir='ltr'>et</span> <span class='ocrx_word' id='word_1_41' title='bbox 1233 548 1417 589; x_wconf 85' lang='lat' dir='ltr'>suspendia.</span> 
     </span>
     <span class='ocr_line' id='line_1_8' title="bbox 179 634 1363 676; baseline 0.002 -11"><span class='ocrx_word' id='word_1_42' title='bbox 179 634 243 666; x_wconf 84' lang='lat' dir='ltr'>5a.</span> <span class='ocrx_word' id='word_1_43' title='bbox 274 634 375 666; x_wconf 86' lang='lat' dir='ltr'>Fides</span> <span class='ocrx_word' id='word_1_44' title='bbox 401 638 506 666; x_wconf 79' lang='lat' dir='ltr'>armat</span> <span class='ocrx_word' id='word_1_45' title='bbox 532 635 698 676; x_wconf 84' lang='lat' dir='ltr'>virginem,</span> <span class='ocrx_word' id='word_1_46' title='bbox 880 635 943 670; x_wconf 88' lang='lat' dir='ltr'>5b.</span> <span class='ocrx_word' id='word_1_47' title='bbox 974 637 1184 669; x_wconf 88' lang='lat' dir='ltr'>Diversorum</span> <span class='ocrx_word' id='word_1_48' title='bbox 1210 645 1363 676; x_wconf 84' lang='lat' dir='ltr'>generum</span> 
     </span>
     <span class='ocr_line' id='line_1_9' title="bbox 278 682 1407 724; baseline 0.002 -10"><span class='ocrx_word' id='word_1_49' title='bbox 278 682 412 714; x_wconf 87' lang='lat' dir='ltr'>Praeses</span> <span class='ocrx_word' id='word_1_50' title='bbox 437 687 523 715; x_wconf 85' lang='lat' dir='ltr'>amat</span> <span class='ocrx_word' id='word_1_51' title='bbox 549 684 734 724; x_wconf 87' lang='lat' dir='ltr'>sanguinem</span> <span class='ocrx_word' id='word_1_52' title='bbox 976 685 1153 717; x_wconf 84' lang='lat' dir='ltr'>Poenarum</span> <span class='ocrx_word' id='word_1_53' title='bbox 1180 688 1212 716; x_wconf 86' lang='lat' dir='ltr'>et</span> <span class='ocrx_word' id='word_1_54' title='bbox 1238 684 1407 716; x_wconf 77' lang='lat' dir='ltr'>verberum</span> 
     </span>
     <span class='ocr_line' id='line_1_10' title="bbox 325 731 1384 766; baseline 0.002 -4"><span class='ocrx_word' id='word_1_55' title='bbox 325 731 436 763; x_wconf 88' lang='lat' dir='ltr'>Ferali</span> <span class='ocrx_word' id='word_1_56' title='bbox 462 732 633 765; x_wconf 87' lang='lat' dir='ltr'>sententia.</span> <span class='ocrx_word' id='word_1_57' title='bbox 1023 733 1194 766; x_wconf 81' lang='lat' dir='ltr'>Concurrit</span> <span class='ocrx_word' id='word_1_58' title='bbox 1218 733 1384 765; x_wconf 83' lang='lat' dir='ltr'>instantia.</span> 
     </span>
     <span class='ocr_line' id='line_1_11' title="bbox 182 816 1366 859; baseline 0.001 -10"><span class='ocrx_word' id='word_1_59' title='bbox 182 817 242 850; x_wconf 75' lang='lat'>62.</span> <span class='ocrx_word' id='word_1_60' title='bbox 277 816 457 850; x_wconf 76' lang='lat' dir='ltr'>Laceratur</span> <span class='ocrx_word' id='word_1_61' title='bbox 481 818 607 850; x_wconf 84' lang='lat' dir='ltr'>uncinis</span> <span class='ocrx_word' id='word_1_62' title='bbox 878 818 939 852; x_wconf 87' lang='lat' dir='ltr'>6b.</span> <span class='ocrx_word' id='word_1_63' title='bbox 970 818 1014 850; x_wconf 85' lang='lat' dir='ltr'>Et</span> <span class='ocrx_word' id='word_1_64' title='bbox 1040 828 1197 859; x_wconf 87' lang='lat' dir='ltr'>suspensa</span> <span class='ocrx_word' id='word_1_65' title='bbox 1224 819 1366 850; x_wconf 88' lang='lat' dir='ltr'>crinibus</span> 
     </span>
     <span class='ocr_line' id='line_1_12' title="bbox 279 864 1385 907; baseline 0 -9"><span class='ocrx_word' id='word_1_66' title='bbox 279 864 413 898; x_wconf 82' lang='lat' dir='ltr'>Sacrum</span> <span class='ocrx_word' id='word_1_67' title='bbox 440 874 555 906; x_wconf 88' lang='lat' dir='ltr'>corpus</span> <span class='ocrx_word' id='word_1_68' title='bbox 582 866 714 907; x_wconf 88' lang='lat' dir='ltr'>virginis</span> <span class='ocrx_word' id='word_1_69' title='bbox 975 867 1074 899; x_wconf 86' lang='lat' dir='ltr'>Fame</span> <span class='ocrx_word' id='word_1_70' title='bbox 1101 871 1132 898; x_wconf 90' lang='lat' dir='ltr'>et</span> <span class='ocrx_word' id='word_1_71' title='bbox 1158 876 1221 898; x_wconf 88' lang='lat' dir='ltr'>non</span> <span class='ocrx_word' id='word_1_72' title='bbox 1249 867 1385 907; x_wconf 81' lang='lat' dir='ltr'>dapibus</span> 
     </span>
     <span class='ocr_line' id='line_1_13' title="bbox 327 913 1337 955; baseline 0.002 -10"><span class='ocrx_word' id='word_1_73' title='bbox 327 913 466 946; x_wconf 88' lang='lat' dir='ltr'>Lictoris</span> <span class='ocrx_word' id='word_1_74' title='bbox 491 914 626 953; x_wconf 85' lang='lat' dir='ltr'>insania,</span> <span class='ocrx_word' id='word_1_75' title='bbox 1023 915 1109 946; x_wconf 90' lang='lat' dir='ltr'>Vivit</span> <span class='ocrx_word' id='word_1_76' title='bbox 1135 915 1197 946; x_wconf 88' lang='lat' dir='ltr'>Dei</span> <span class='ocrx_word' id='word_1_77' title='bbox 1223 916 1337 955; x_wconf 80' lang='lat' dir='ltr'>gratia.</span> 
     </span>
     <span class='ocr_line' id='line_1_14' title="bbox 181 999 1332 1042; baseline 0 -10"><span class='ocrx_word' id='word_1_78' title='bbox 181 1000 239 1034; x_wconf 85' lang='lat' dir='ltr'>7a.</span> <span class='ocrx_word' id='word_1_79' title='bbox 271 1000 352 1032; x_wconf 89' lang='lat' dir='ltr'>Inde</span> <span class='ocrx_word' id='word_1_80' title='bbox 376 999 511 1032; x_wconf 87' lang='lat' dir='ltr'>flammis</span> <span class='ocrx_word' id='word_1_81' title='bbox 535 1000 657 1032; x_wconf 83' lang='lat' dir='ltr'>tradita</span> <span class='ocrx_word' id='word_1_82' title='bbox 876 1001 936 1034; x_wconf 83' lang='lat' dir='ltr'>7b.</span> <span class='ocrx_word' id='word_1_83' title='bbox 970 1001 1113 1032; x_wconf 83' lang='lat' dir='ltr'>Tandem</span> <span class='ocrx_word' id='word_1_84' title='bbox 1140 1002 1206 1032; x_wconf 86' lang='lat' dir='ltr'>ictu</span> <span class='ocrx_word' id='word_1_85' title='bbox 1233 1002 1332 1042; x_wconf 84' lang='lat' dir='ltr'>gladii</span> 
     </span>
     <span class='ocr_line' id='line_1_15' title="bbox 275 1046 1370 1091; baseline 0.002 -12"><span class='ocrx_word' id='word_1_86' title='bbox 275 1048 320 1080; x_wconf 90' lang='lat' dir='ltr'>Et</span> <span class='ocrx_word' id='word_1_87' title='bbox 346 1046 424 1080; x_wconf 90' lang='lat' dir='ltr'>feris</span> <span class='ocrx_word' id='word_1_88' title='bbox 450 1048 597 1087; x_wconf 84' lang='lat' dir='ltr'>exposita</span> <span class='ocrx_word' id='word_1_89' title='bbox 972 1050 1076 1082; x_wconf 84' lang='lat' dir='ltr'>Intrat</span> <span class='ocrx_word' id='word_1_90' title='bbox 1103 1054 1223 1081; x_wconf 84' lang='lat' dir='ltr'>terram</span> <span class='ocrx_word' id='word_1_91' title='bbox 1249 1050 1370 1091; x_wconf 83' lang='lat' dir='ltr'>gaudii,</span> 
     </span>
     <span class='ocr_line' id='line_1_16' title="bbox 325 1095 1372 1138; baseline 0.004 -12"><span class='ocrx_word' id='word_1_92' title='bbox 325 1096 431 1127; x_wconf 88' lang='lat' dir='ltr'>Vincit</span> <span class='ocrx_word' id='word_1_93' title='bbox 456 1095 513 1127; x_wconf 91' lang='lat' dir='ltr'>has</span> <span class='ocrx_word' id='word_1_94' title='bbox 539 1099 571 1127; x_wconf 88' lang='lat' dir='ltr'>et</span> <span class='ocrx_word' id='word_1_95' title='bbox 595 1096 707 1130; x_wconf 83' lang='lat' dir='ltr'>maria.</span> <span class='ocrx_word' id='word_1_96' title='bbox 1022 1097 1085 1130; x_wconf 87' lang='lat' dir='ltr'>Ubi</span> <span class='ocrx_word' id='word_1_97' title='bbox 1111 1107 1174 1137; x_wconf 82' lang='lat' dir='ltr'>pax</span> <span class='ocrx_word' id='word_1_98' title='bbox 1203 1102 1233 1129; x_wconf 88' lang='lat' dir='ltr'>et</span> <span class='ocrx_word' id='word_1_99' title='bbox 1260 1099 1372 1138; x_wconf 85' lang='lat' dir='ltr'>gloria.</span> 
     </span>
     <span class='ocr_line' id='line_1_17' title="bbox 178 1181 1323 1226; baseline 0.002 -12"><span class='ocrx_word' id='word_1_100' title='bbox 178 1182 241 1215; x_wconf 80' lang='lat' dir='ltr'>Sa.</span> <span class='ocrx_word' id='word_1_101' title='bbox 273 1182 376 1214; x_wconf 91' lang='lat' dir='ltr'>Huius</span> <span class='ocrx_word' id='word_1_102' title='bbox 403 1181 521 1215; x_wconf 87' lang='lat' dir='ltr'>festum</span> <span class='ocrx_word' id='word_1_103' title='bbox 548 1183 680 1215; x_wconf 89' lang='lat' dir='ltr'>colimus</span> <span class='ocrx_word' id='word_1_104' title='bbox 875 1184 938 1218; x_wconf 89' lang='lat' dir='ltr'>8b.</span> <span class='ocrx_word' id='word_1_105' title='bbox 972 1184 1198 1217; x_wconf 86' lang='lat' dir='ltr'>Collaudemus</span> <span class='ocrx_word' id='word_1_106' title='bbox 1225 1186 1323 1226; x_wconf 87' lang='lat' dir='ltr'>igitur</span> 
     </span>
     <span class='ocr_line' id='line_1_18' title="bbox 272 1231 1388 1274; baseline 0.002 -11"><span class='ocrx_word' id='word_1_107' title='bbox 272 1231 317 1263; x_wconf 86' lang='lat' dir='ltr'>Et</span> <span class='ocrx_word' id='word_1_108' title='bbox 342 1231 478 1264; x_wconf 90' lang='lat' dir='ltr'>colendo</span> <span class='ocrx_word' id='word_1_109' title='bbox 504 1231 672 1272; x_wconf 82' lang='lat' dir='ltr'>psallimus</span> <span class='ocrx_word' id='word_1_110' title='bbox 971 1233 1063 1274; x_wconf 88' lang='lat' dir='ltr'>Eum,</span> <span class='ocrx_word' id='word_1_111' title='bbox 1091 1243 1150 1273; x_wconf 90' lang='lat' dir='ltr'>pro</span> <span class='ocrx_word' id='word_1_112' title='bbox 1177 1243 1238 1274; x_wconf 89' lang='lat' dir='ltr'>quo</span> <span class='ocrx_word' id='word_1_113' title='bbox 1265 1235 1388 1274; x_wconf 84' lang='lat' dir='ltr'>patitur</span> 
     </span>
     <span class='ocr_line' id='line_1_19' title="bbox 323 1279 1337 1322; baseline 0.004 -12"><span class='ocrx_word' id='word_1_114' title='bbox 323 1279 467 1311; x_wconf 90' lang='lat' dir='ltr'>Sollenni</span> <span class='ocrx_word' id='word_1_115' title='bbox 493 1279 628 1313; x_wconf 87' lang='lat' dir='ltr'>laetitia.</span> <span class='ocrx_word' id='word_1_116' title='bbox 1019 1282 1118 1322; x_wconf 82' lang='lat' dir='ltr'>Virgo</span> <span class='ocrx_word' id='word_1_117' title='bbox 1145 1281 1337 1315; x_wconf 88' lang='lat' dir='ltr'>Theodosia.</span> 
     </span>
    </p>
   </div>
   <div class='ocr_carea' id='block_1_4' title="bbox 581 1366 1054 1505">
    <p class='ocr_par' dir='ltr' id='par_1_4' title="bbox 581 1366 1054 1505">
     <span class='ocr_line' id='line_1_20' title="bbox 581 1366 1016 1408; baseline -0.002 -8"><span class='ocrx_word' id='word_1_118' title='bbox 581 1367 614 1400; x_wconf 85' lang='lat'>9.</span> <span class='ocrx_word' id='word_1_119' title='bbox 645 1366 744 1407; x_wconf 85' lang='lat' dir='ltr'>Deus,</span> <span class='ocrx_word' id='word_1_120' title='bbox 771 1370 861 1399; x_wconf 86' lang='lat' dir='ltr'>actor</span> <span class='ocrx_word' id='word_1_121' title='bbox 882 1368 1016 1408; x_wconf 81' lang='lat' dir='ltr'>gratiae,</span> 
     </span>
     <span class='ocr_line' id='line_1_21' title="bbox 640 1414 941 1448; baseline 0 -1"><span class='ocrx_word' id='word_1_122' title='bbox 640 1416 770 1448; x_wconf 82' lang='lat' dir='ltr'>Astanti</span> <span class='ocrx_word' id='word_1_123' title='bbox 798 1414 941 1448; x_wconf 85' lang='lat' dir='ltr'>familiae</span> 
     </span>
     <span class='ocr_line' id='line_1_22' title="bbox 687 1463 1054 1505; baseline 0.005 -10"><span class='ocrx_word' id='word_1_124' title='bbox 687 1463 797 1496; x_wconf 86' lang='lat' dir='ltr'>Donet</span> <span class='ocrx_word' id='word_1_125' title='bbox 823 1473 900 1496; x_wconf 78' lang='lat' dir='ltr'>vera</span> <span class='ocrx_word' id='word_1_126' title='bbox 927 1465 1054 1505; x_wconf 83' lang='lat' dir='ltr'>gaudia.</span> 
     </span>
    </p>
   </div>
   <div class='ocr_carea' id='block_1_5' title="bbox 147 1548 1484 1616">
    <p class='ocr_par' dir='ltr' id='par_1_5' title="bbox 147 1548 1484 1616">
     <span class='ocr_line' id='line_1_23' title="bbox 226 1548 1484 1585; baseline 0.002 -8"><span class='ocrx_word' id='word_1_127' title='bbox 226 1548 349 1577; x_wconf 86' lang='lat' dir='ltr'>Collect.</span> <span class='ocrx_word' id='word_1_128' title='bbox 372 1557 425 1576; x_wconf 81' lang='lat' dir='ltr'>ms.</span> <span class='ocrx_word' id='word_1_129' title='bbox 448 1549 477 1576; x_wconf 81' lang='lat' dir='ltr'>S.</span> <span class='ocrx_word' id='word_1_130' title='bbox 500 1549 578 1585; x_wconf 89' lang='lat' dir='ltr'>Lupi</span> <span class='ocrx_word' id='word_1_131' title='bbox 602 1550 759 1577; x_wconf 85' lang='lat' dir='ltr'>Trecensis</span> <span class='ocrx_word' id='word_1_132' title='bbox 781 1558 856 1578; x_wconf 77' lang='lat' dir='ltr'>saec.</span> <span class='ocrx_word' id='word_1_133' title='bbox 882 1548 925 1578; x_wconf 91' lang='lat'>10.</span> <span class='ocrx_word' id='word_1_134' title='bbox 949 1554 976 1578; x_wconf 90' lang='lat' dir='ltr'>et</span> <span class='ocrx_word' id='word_1_135' title='bbox 1000 1549 1044 1577; x_wconf 94' lang='grc'>11.</span> <span class='ocrx_word' id='word_1_136' title='bbox 1074 1552 1146 1578; x_wconf 82' lang='lat' dir='ltr'>Cod.</span> <span class='ocrx_word' id='word_1_137' title='bbox 1168 1552 1289 1579; x_wconf 86' lang='lat' dir='ltr'>Trecen.</span> <span class='ocrx_word' id='word_1_138' title='bbox 1314 1550 1396 1580; x_wconf 85' lang='lat'>1170.</span> <span class='ocrx_word' id='word_1_139' title='bbox 1417 1551 1484 1579; x_wconf 85' lang='lat' dir='ltr'>add.</span> 
     </span>
     <span class='ocr_line' id='line_1_24' title="bbox 147 1585 618 1616; baseline 0 -2"><span class='ocrx_word' id='word_1_140' title='bbox 147 1595 224 1615; x_wconf 86' lang='lat' dir='ltr'>saec.</span> <span class='ocrx_word' id='word_1_141' title='bbox 247 1585 322 1614; x_wconf 75' lang='lat' dir='ltr'><em>¹²s13.</em></span> <span class='ocrx_word' id='word_1_142' title='bbox 343 1602 381 1606; x_wconf 90' lang='lat'>—</span> <span class='ocrx_word' id='word_1_143' title='bbox 403 1588 460 1615; x_wconf 83' lang='lat' dir='ltr'>Mit</span> <span class='ocrx_word' id='word_1_144' title='bbox 479 1588 618 1616; x_wconf 85' lang='lat' dir='ltr'>Melodie.</span> 
     </span>
    </p>
   </div>
   <div class='ocr_carea' id='block_1_6' title="bbox 596 1721 1023 1754">
    <p class='ocr_par' dir='ltr' id='par_1_6' title="bbox 596 1721 1023 1754">
     <span class='ocr_line' id='line_1_25' title="bbox 596 1721 1023 1754; baseline 0 -2"><span class='ocrx_word' id='word_1_145' title='bbox 596 1721 660 1754; x_wconf 89' lang='lat'>301.</span> <span class='ocrx_word' id='word_1_146' title='bbox 702 1721 744 1753; x_wconf 81' lang='lat' dir='ltr'>De</span> <span class='ocrx_word' id='word_1_147' title='bbox 766 1723 876 1754; x_wconf 83' lang='lat' dir='ltr'>sancto</span> <span class='ocrx_word' id='word_1_148' title='bbox 899 1722 1023 1754; x_wconf 77' lang='lat' dir='ltr'>Thomu.</span> 
     </span>
    </p>
   </div>
   <div class='ocr_carea' id='block_1_7' title="bbox 131 1821 1412 2486">
    <p class='ocr_par' dir='ltr' id='par_1_7' title="bbox 131 1821 1412 2486">
     <span class='ocr_line' id='line_1_26' title="bbox 131 1821 1174 1865; baseline 0 -10"><span class='ocrx_word' id='word_1_149' title='bbox 131 1834 133 1836; x_wconf 95' lang='lat'>·</span> <span class='ocrx_word' id='word_1_150' title='bbox 170 1821 230 1855; x_wconf 86' lang='lat' dir='ltr'>1a.</span> <span class='ocrx_word' id='word_1_151' title='bbox 263 1821 454 1854; x_wconf 81' lang='lat' dir='ltr'>Gratuletur</span> <span class='ocrx_word' id='word_1_152' title='bbox 873 1823 933 1857; x_wconf 87' lang='lat' dir='ltr'>lb.</span> <span class='ocrx_word' id='word_1_153' title='bbox 965 1824 1067 1856; x_wconf 72' lang='lat' dir='ltr'>Laeta</span> <span class='ocrx_word' id='word_1_154' title='bbox 1093 1824 1174 1865; x_wconf 85' lang='lat' dir='ltr'>dies,</span> 
     </span>
     <span class='ocr_line' id='line_1_27' title="bbox 315 1869 1274 1912; baseline 0.002 -10"><span class='ocrx_word' id='word_1_155' title='bbox 315 1869 423 1903; x_wconf 91' lang='lat' dir='ltr'>fidelis</span> <span class='ocrx_word' id='word_1_156' title='bbox 449 1871 589 1912; x_wconf 88' lang='lat' dir='ltr'>populus</span> <span class='ocrx_word' id='word_1_157' title='bbox 1016 1873 1100 1905; x_wconf 84' lang='lat' dir='ltr'>laeta</span> <span class='ocrx_word' id='word_1_158' title='bbox 1129 1873 1274 1910; x_wconf 77' lang='lat' dir='ltr'>victoria,</span> 
     </span>
     <span class='ocr_line' id='line_1_28' title="bbox 267 1919 1176 1961; baseline 0.003 -10"><span class='ocrx_word' id='word_1_159' title='bbox 267 1919 339 1952; x_wconf 88' lang='lat' dir='ltr'>Hac</span> <span class='ocrx_word' id='word_1_160' title='bbox 362 1919 395 1951; x_wconf 88' lang='lat' dir='ltr'>in</span> <span class='ocrx_word' id='word_1_161' title='bbox 423 1919 485 1961; x_wconf 88' lang='lat' dir='ltr'>die,</span> <span class='ocrx_word' id='word_1_162' title='bbox 968 1921 1035 1961; x_wconf 84' lang='lat' dir='ltr'>Qua</span> <span class='ocrx_word' id='word_1_163' title='bbox 1063 1921 1176 1954; x_wconf 80' lang='lat' dir='ltr'>beatus</span> 
     </span>
     <span class='ocr_line' id='line_1_29' title="bbox 316 1967 1333 2009; baseline 0.002 -9"><span class='ocrx_word' id='word_1_164' title='bbox 316 1977 379 2008; x_wconf 82' lang='lat' dir='ltr'>qua</span> <span class='ocrx_word' id='word_1_165' title='bbox 402 1968 546 2009; x_wconf 86' lang='lat' dir='ltr'>prudens</span> <span class='ocrx_word' id='word_1_166' title='bbox 573 1967 712 2001; x_wconf 82' lang='lat' dir='ltr'>famulus</span> <span class='ocrx_word' id='word_1_167' title='bbox 1016 1970 1156 2003; x_wconf 83' lang='lat' dir='ltr'>Thomas</span> <span class='ocrx_word' id='word_1_168' title='bbox 1182 1971 1215 2002; x_wconf 91' lang='lat' dir='ltr'>in</span> <span class='ocrx_word' id='word_1_169' title='bbox 1239 1970 1333 2003; x_wconf 88' lang='lat' dir='ltr'>India</span> 
     </span>
     <span class='ocr_line' id='line_1_30' title="bbox 267 2015 1149 2059; baseline 0.002 -10"><span class='ocrx_word' id='word_1_170' title='bbox 267 2015 358 2049; x_wconf 85' lang='lat' dir='ltr'>Stola</span> <span class='ocrx_word' id='word_1_171' title='bbox 382 2017 534 2059; x_wconf 86' lang='lat' dir='ltr'>Thomas,</span> <span class='ocrx_word' id='word_1_172' title='bbox 967 2019 1149 2051; x_wconf 82' lang='lat' dir='ltr'>Lanceatus</span> 
     </span>
     <span class='ocr_line' id='line_1_31' title="bbox 317 2065 1307 2108; baseline 0.002 -11"><span class='ocrx_word' id='word_1_173' title='bbox 317 2065 439 2098; x_wconf 82' lang='lat' dir='ltr'>Christi</span> <span class='ocrx_word' id='word_1_174' title='bbox 467 2066 656 2107; x_wconf 88' lang='lat' dir='ltr'>discipulus,</span> <span class='ocrx_word' id='word_1_175' title='bbox 1017 2068 1119 2100; x_wconf 84' lang='lat' dir='ltr'>victor</span> <span class='ocrx_word' id='word_1_176' title='bbox 1145 2068 1176 2099; x_wconf 92' lang='lat' dir='ltr'>in</span> <span class='ocrx_word' id='word_1_177' title='bbox 1203 2068 1307 2108; x_wconf 86' lang='lat' dir='ltr'>gloria</span> 
     </span>
     <span class='ocr_line' id='line_1_32' title="bbox 364 2114 1256 2149; baseline 0.002 -3"><span class='ocrx_word' id='word_1_178' title='bbox 364 2114 556 2148; x_wconf 73' lang='lat' dir='ltr'>Decor-atur.</span> <span class='ocrx_word' id='word_1_179' title='bbox 1067 2117 1256 2149; x_wconf 84' lang='lat' dir='ltr'>Laureatur.</span> 
     </span>
     <span class='ocr_line' id='line_1_33' title="bbox 168 2200 1269 2241; baseline -0.001 -7"><span class='ocrx_word' id='word_1_180' title='bbox 168 2201 231 2234; x_wconf 86' lang='lat' dir='ltr'>2a.</span> <span class='ocrx_word' id='word_1_181' title='bbox 263 2201 327 2234; x_wconf 88' lang='lat' dir='ltr'>Hic</span> <span class='ocrx_word' id='word_1_182' title='bbox 354 2204 404 2233; x_wconf 82' lang='lat' dir='ltr'>est</span> <span class='ocrx_word' id='word_1_183' title='bbox 428 2200 581 2241; x_wconf 86' lang='lat' dir='ltr'>Thomas,</span> <span class='ocrx_word' id='word_1_184' title='bbox 872 2202 933 2236; x_wconf 87' lang='lat' dir='ltr'>2b.</span> <span class='ocrx_word' id='word_1_185' title='bbox 966 2202 1029 2234; x_wconf 89' lang='lat' dir='ltr'>Hic</span> <span class='ocrx_word' id='word_1_186' title='bbox 1056 2207 1103 2234; x_wconf 88' lang='lat' dir='ltr'>est</span> <span class='ocrx_word' id='word_1_187' title='bbox 1130 2203 1269 2235; x_wconf 85' lang='lat' dir='ltr'>Thomas</span> 
     </span>
     <span class='ocr_line' id='line_1_34' title="bbox 315 2249 1412 2291; baseline 0.002 -10"><span class='ocrx_word' id='word_1_188' title='bbox 315 2258 409 2290; x_wconf 85' lang='lat' dir='ltr'>quem</span> <span class='ocrx_word' id='word_1_189' title='bbox 437 2249 585 2282; x_wconf 83' lang='lat' dir='ltr'>Christus</span> <span class='ocrx_word' id='word_1_190' title='bbox 612 2249 733 2291; x_wconf 86' lang='lat' dir='ltr'>docuit,</span> <span class='ocrx_word' id='word_1_191' title='bbox 1018 2251 1143 2290; x_wconf 87' lang='lat' dir='ltr'>missus,</span> <span class='ocrx_word' id='word_1_192' title='bbox 1171 2255 1205 2282; x_wconf 85' lang='lat' dir='ltr'>ut</span> <span class='ocrx_word' id='word_1_193' title='bbox 1232 2252 1412 2291; x_wconf 86' lang='lat' dir='ltr'>praedicet,</span> 
     </span>
     <span class='ocr_line' id='line_1_35' title="bbox 266 2297 1203 2341; baseline 0 -11"><span class='ocrx_word' id='word_1_194' title='bbox 266 2297 329 2330; x_wconf 88' lang='lat' dir='ltr'>Hic</span> <span class='ocrx_word' id='word_1_195' title='bbox 355 2302 404 2330; x_wconf 88' lang='lat' dir='ltr'>est</span> <span class='ocrx_word' id='word_1_196' title='bbox 430 2297 581 2341; x_wconf 88' lang='lat' dir='ltr'>Thomas,</span> <span class='ocrx_word' id='word_1_197' title='bbox 972 2299 1070 2332; x_wconf 88' lang='lat' dir='ltr'>Indos</span> <span class='ocrx_word' id='word_1_198' title='bbox 1096 2304 1203 2331; x_wconf 84' lang='lat' dir='ltr'>tamen</span> 
     </span>
     <span class='ocr_line' id='line_1_36' title="bbox 317 2346 1297 2388; baseline 0.002 -10"><span class='ocrx_word' id='word_1_199' title='bbox 317 2347 368 2379; x_wconf 87' lang='lat' dir='ltr'>cui</span> <span class='ocrx_word' id='word_1_200' title='bbox 393 2346 480 2379; x_wconf 83' lang='lat' dir='ltr'>latus</span> <span class='ocrx_word' id='word_1_201' title='bbox 506 2346 668 2388; x_wconf 86' lang='lat' dir='ltr'>praebuit,</span> <span class='ocrx_word' id='word_1_202' title='bbox 1017 2347 1108 2380; x_wconf 81' lang='lat' dir='ltr'>adire</span> <span class='ocrx_word' id='word_1_203' title='bbox 1135 2347 1297 2388; x_wconf 81' lang='lat' dir='ltr'>displicet,</span> 
     </span>
     <span class='ocr_line' id='line_1_37' title="bbox 266 2395 1318 2438; baseline 0.001 -11"><span class='ocrx_word' id='word_1_204' title='bbox 266 2395 330 2428; x_wconf 86' lang='lat' dir='ltr'>Hic</span> <span class='ocrx_word' id='word_1_205' title='bbox 355 2398 403 2427; x_wconf 88' lang='lat' dir='ltr'>est</span> <span class='ocrx_word' id='word_1_206' title='bbox 429 2395 582 2438; x_wconf 87' lang='lat' dir='ltr'>Thomas,</span> <span class='ocrx_word' id='word_1_207' title='bbox 970 2395 1045 2438; x_wconf 88' lang='lat' dir='ltr'>Sed,</span> <span class='ocrx_word' id='word_1_208' title='bbox 1073 2405 1143 2428; x_wconf 90' lang='lat' dir='ltr'>cum</span> <span class='ocrx_word' id='word_1_209' title='bbox 1171 2395 1318 2429; x_wconf 87' lang='lat' dir='ltr'>Christus</span> 
     </span>
     <span class='ocr_line' id='line_1_38' title="bbox 319 2442 1364 2486; baseline 0.002 -10"><span class='ocrx_word' id='word_1_210' title='bbox 319 2443 374 2485; x_wconf 89' lang='lat' dir='ltr'>qui</span> <span class='ocrx_word' id='word_1_211' title='bbox 398 2443 492 2476; x_wconf 91' lang='lat' dir='ltr'>nobis</span> <span class='ocrx_word' id='word_1_212' title='bbox 516 2442 650 2485; x_wconf 84' lang='lat' dir='ltr'>profuit,</span> <span class='ocrx_word' id='word_1_213' title='bbox 1021 2453 1055 2476; x_wconf 89' lang='lat' dir='ltr'>se</span> <span class='ocrx_word' id='word_1_214' title='bbox 1079 2444 1192 2477; x_wconf 91' lang='lat' dir='ltr'>ducem</span> <span class='ocrx_word' id='word_1_215' title='bbox 1218 2445 1364 2486; x_wconf 83' lang='lat' dir='ltr'>pollicet,</span> 
     </span>
    </p>
   </div>
   <div class='ocr_carea' id='block_1_8' title="bbox 360 2492 1308 2528">
    <p class='ocr_par' dir='ltr' id='par_1_8' title="bbox 360 2492 1308 2528">
     <span class='ocr_line' id='line_1_39' title="bbox 360 2492 1308 2528; baseline 0.002 -3"><span class='ocrx_word' id='word_1_216' title='bbox 360 2492 446 2526; x_wconf 87' lang='lat' dir='ltr'>Dum</span> <span class='ocrx_word' id='word_1_217' title='bbox 471 2501 536 2525; x_wconf 88' lang='lat' dir='ltr'>non</span> <span class='ocrx_word' id='word_1_218' title='bbox 563 2492 678 2525; x_wconf 85' lang='lat' dir='ltr'>credit.</span> <span class='ocrx_word' id='word_1_219' title='bbox 1070 2493 1161 2525; x_wconf 91' lang='lat' dir='ltr'>Tunc</span> <span class='ocrx_word' id='word_1_220' title='bbox 1186 2494 1308 2528; x_wconf 89' lang='lat' dir='ltr'>obedit.</span> 
     </span>
    </p>
   </div>
  </div>
 </body>
</html>
