1655 2713
215 274 266 306 2a

215 499 274 530 3a.

217 724 278 755 4a.

215 901 276 930 5a.

218 1075 280 1107 6³.

216 1418 279 1450 8a.

199 1759 280 1790 102³.

192 1932 273 1963 lla.

191 2151 273 2183 12a.

192 2323 234 2355 13
247 2331 274 2355 a.

722 171 984 206 —310—

309 272 371 304 Hic
396 272 522 304 Blasius
550 271 704 301 vocitatus

310 320 392 351 Vere
419 319 555 351 blandus
583 322 629 348 est
656 320 796 354 vocatus,

359 368 484 399 Blanda
510 365 634 406 profert
660 365 805 405 eloquia;

305 497 400 530 Cultu
426 506 545 528 morum
571 495 745 527 adornatus

310 546 345 576 In
372 544 503 576 Sebaste
530 543 728 583 praesulatus

360 593 492 632 Apicem
519 591 712 631 promeruit;

308 722 471 753 Latitabat
497 722 529 752 in
555 721 715 760 speluncis

310 770 351 801 Et
376 770 407 800 in
435 770 534 800 antris
560 768 737 799 tenebrosis

358 817 496 856 Fugiens
523 816 719 856 martyrium.

306 898 360 929 Ad
386 898 467 929 hunc
493 907 566 929 aves
594 896 761 928 veniebant

311 945 421 985 Neque
448 950 550 976 tamen
580 945 782 982 recedebant,

358 993 582 1032 Obsequuntur
606 993 759 1031 imperio:

313 1074 362 1104 Ire
388 1073 473 1104 iubet
501 1077 532 1103 et
558 1073 721 1109 recedunt,

317 1121 408 1152 Stare
434 1121 574 1153 mandat.
601 1120 814 1161 acquiescunt,

352 1168 579 1207 Mancipantur
604 1168 765 1207 obsequio.

903 268 966 301 2b.
1000 267 1144 300 Blandus
1198 266 1316 304 verbo,

901 493 961 526 3b.

901 719 961 751 4b.

901 896 963 928 5b.

903 1072 963 1105 6b.

1374 264 1517 298 blandus

1279 314 1389 354 signis,

998 364 1142 396 Blandus
1171 363 1235 395 vita
1261 367 1293 394 et
1318 361 1452 402 insignis

1046 412 1171 444 Blanda
1195 409 1321 451 profert
1338 409 1510 450 colloquia.

992 493 1089 532 Fugit
1112 492 1263 524 mundum
1286 492 1401 523 timens
1422 499 1508 522 mor-

1280 543 1355 581 tem,

1000 589 1136 620 Poenam
1152 588 1264 620 videns
1279 591 1343 618 tam
1359 586 1511 618 acerbam

1047 639 1171 676 Corpus
1202 636 1306 667 occidi
1332 635 1448 667 timuit.

995 718 1150 750 Caelestis
1177 718 1305 750 nuntius

999 767 1092 797 Venit
1119 766 1260 797 velocius

1042 814 1162 845 Ferens
1189 814 1366 846 consilium.

994 898 1080 927 Aves
1107 899 1232 935 pastum
1259 895 1446 936 afferebant,

995 943 1143 975 Sanctum
1171 952 1278 974 senem
1304 942 1490 974 nutriebant

1042 992 1234 1022 Latitantem
1262 991 1397 1026 tugurio.

995 1073 1047 1103 Ad
1074 1072 1157 1103 'nunc
1184 1071 1272 1103 ferae
1291 1070 1508 1109 confluebant,

996 1120 1175 1151 Incolumes
1202 1119 1397 1150 recedebant

1042 1167 1143 1198 Huius
1169 1167 1333 1201 beneficio.

601 1245 630 1278 7.
663 1245 695 1276 Si
721 1254 782 1284 qua
809 1243 878 1276 fera
905 1244 1094 1276 condolebat

659 1293 710 1324 Ad
738 1292 821 1323 hunc
847 1292 911 1323 cito
936 1291 1078 1331 fugiebat

709 1340 888 1372 Consecuta
915 1340 1099 1373 remedium.

311 1417 391 1447 Dum
414 1421 554 1450 venatur,
575 1425 668 1447 canes
686 1416 816 1455 latrant,

312 1465 554 1500 Circumdantes
564 1469 689 1494 antrum
701 1464 850 1505 clamant,

359 1513 401 1544 L't
418 1512 553 1543 victores
569 1517 663 1550 capta
676 1511 812 1551 praeda,

246 1598 273 1618 ¹.
304 1588 430 1619 lntrant
456 1588 539 1618 servi
564 1587 596 1618 in
621 1587 813 1626 speluncam,

311 1634 423 1666 Senem
456 1635 564 1665 vident
591 1635 816 1666 consedentem

359 1683 394 1714 In
421 1682 525 1713 medio
552 1682 734 1732 bestiarum,

313 1757 407 1789 Videt
434 1758 542 1797 lupum
569 1758 746 1790 venientem

309 1806 350 1837 Et
376 1806 407 1836 in
434 1815 563 1845 porcum
591 1807 794 1846 saevientem,

361 1853 450 1884 Tunc
464 1852 580 1885 femina
591 1854 799 1885 contristatur
811 1865 818 1892 ;

308 1930 383 1962 Orat
411 1930 471 1961 sibi
496 1940 625 1970 porcum
652 1930 746 1962 reddi

310 1978 352 2010 Et
380 1978 410 2009 in
436 1987 546 2010 manus
573 1988 644 2010 suas
670 1979 765 2011 tradi.

358 2026 504 2058 Mulieris
531 2026 630 2058 verba
655 2027 756 2059 ridet:

305 2149 427 2181 Mactat
453 2158 584 2190 porcum
611 2154 641 2181 et
667 2150 797 2189 occidit,

309 2197 456 2229 Membra
489 2198 521 2229 in
548 2197 650 2229 frusta
676 2198 815 2230 concidit

357 2246 536 2278 Condolens
563 2246 720 2288 miseriae,

306 2323 440 2354 Praeses
466 2323 553 2354 iubet
578 2323 662 2355 hunc
687 2327 803 2364 astare,

309 2370 380 2403 Cito
406 2374 477 2402 tura
503 2371 634 2403 adolere

308 2420 414 2458 Atque
441 2419 518 2451 deos
540 2420 685 2463 adorare,

361 2467 445 2506 Quos
472 2468 545 2499 colit
572 2468 744 2508 gentilitas.

902 1416 962 1450 81).

900 1586 960 1620 9b.

882 1759 922 1790 10
935 1758 965 1790 b.

880 1930 965 1963 11b.

877 2153 918 2184 12
931 2151 962 2183 b.

879 2324 965 2359 13b.

994 1417 1084 1454 Quod
1111 1416 1267 1448 mirantur
1293 1419 1472 1454 venatores,

998 1464 1178 1495 Bestiarum
1204 1464 1424 1503 praedatores,

1042 1512 1084 1543 Et
1111 1513 1260 1543 videntur
1286 1512 1344 1542 niti
1370 1510 1505 1544 frustra.

991 1586 1101 1626 Neque
1128 1592 1261 1626 possunt
1287 1587 1472 1627 contingere

1003 1634 1112 1674 Neque
1137 1635 1223 1666 ultra
1249 1635 1404 1666 accedere

1033 1682 1169 1722 Propter
1182 1687 1343 1714 coetustot
1351 1682 1507 1716 ferarum.

997 1758 1105 1798 Lupus
1131 1769 1231 1798 rapax
1249 1760 1333 1799 rapit
1352 1760 1509 1800 praedam

1000 1807 1040 1837 Et
1068 1807 1205 1846 insurgit
1231 1814 1343 1840 contra
1369 1807 1481 1845 feram,

1048 1855 1099 1886 Illi
1126 1860 1258 1886 mortem
1285 1857 1508 1890 comminatur.

997 1931 1046 1962 Ne
1071 1931 1209 1963 tristeris
1235 1932 1301 1963 ullo
1327 1932 1432 1969 modo,

999 1978 1073 2010 Tibi
1098 1979 1191 2019 lupus
1218 1980 1368 2012 continuo

1044 2026 1189 2059 Scrofam
1245 2028 1349 2059 vivam
1398 2038 1509 2061 sanam

1276 2076 1402 2109 reddet.

993 2152 1064 2184 Non
1091 2152 1217 2192 ingrata
1241 2156 1331 2185 tanto
1357 2153 1440 2186 bono

995 2200 1122 2232 Partem
1149 2200 1243 2232 offert
1268 2205 1379 2234 sancto
1404 2202 1475 2235 viro

1042 2247 1155 2289 Ligato
1180 2249 1214 2280 in
1239 2258 1380 2283 carcere.

996 2325 1047 2372 De
1073 2334 1203 2358 carcere
1229 2327 1405 2367 egreditur,

997 2374 1034 2405 In
1061 2379 1234 2414 conspectu
1260 2377 1426 2419 statuitur,

994 2421 1039 2454 Et
1063 2431 1125 2453 non
1151 2423 1242 2454 illum
1270 2423 1427 2458 deterruit

1046 2470 1223 2503 Poenarum
1249 2473 1423 2506 acerbitas.
