1655 2713
683 157 918 193 ...77-

160 249 181 280 2
193 257 223 281 a.
259 247 378 282 Coetus

541 304 676 342 ctorum,

254 343 379 376 Chorus
414 347 558 386 gaudens
584 349 771 388 angelorum

301 391 367 424 Can
373 397 430 425 ant
456 394 749 437 Bartholomaeum‚

160 479 221 512 3³.
257 478 490 520 Dogmatizans
516 481 596 521 legis
624 481 729 520 theca,

252 526 460 568 Perlogizans
487 529 646 568 apotheca

299 575 468 607 Munerum
503 577 687 608 caelestium

156 664 218 695 4a.
255 661 342 693 Luce
369 662 474 702 prima
500 663 645 700 radiasti,

254 710 353 742 Vetus
380 720 474 750 zyma
497 711 677 751 limpidasti

301 758 421 790 Sancto
447 759 561 799 plenus
580 763 769 799 pneumate;

159 847 220 879 5a.
258 846 352 877 Vitae
377 849 487 887 potum
514 847 706 888 propinasti,

255 893 373 926 Orbem
401 898 502 926 totum
527 895 699 926 illustrasti

304 942 411 974 Verbo
439 942 528 974 verbi
555 943 738 981 schemate;

158 1030 219 1062 6a.
258 1028 347 1067 Vale,
376 1028 497 1061 Christi
524 1030 680 1071 apostole,

255 1077 380 1109 Mundo
407 1077 493 1108 tristi
520 1082 553 1108 tu
580 1078 726 1116 condole,

303 1126 403 1157 Vivus
430 1126 631 1167 excoriatus3

157 1213 215 1245 7a.
252 1213 289 1245 In
317 1221 419 1253 agone
444 1222 502 1244 nos
529 1216 700 1255 certantes,

255 1262 327 1293 Iesu
355 1260 448 1303 bone,
477 1261 698 1294 mendicantes

442 252 601 291 plaudens
656 254 773 286 subve-

858 253 924 288 2b.
959 253 1172 286 Sabbatizans
1199 255 1276 287 tolle
1303 260 1470 298 maestum,

955 349 1187 382 Sollemnizans
1214 351 1281 382 eius
1308 351 1423 383 festum

1004 397 1098 428 Nunc
1124 400 1156 429 et
1180 398 1211 429 in
1240 404 1439 440 perpetuum.

860 482 922 515 3b.
958 483 1135 521 Exstitisti,
1164 486 1321 525 apostole,

957 531 1161 563 Praefulsisti
1186 534 1217 565 in
1245 534 1354 565 indole

1006 580 1217 621 Contemptor
1256 583 1466 615 terrestrium.

855 664 917 697 4b.
956 665 1026 697 Lux
1052 666 1170 705 opima,
1199 667 1348 699 lucinasti

953 713 1048 746 Orbis
1075 715 1148 756 ima,
1177 716 1327 747 lucidasti

1002 762 1115 793 Fidem
1142 767 1197 794 tuo
1225 765 1384 804 dogmate.

857 848 920 881 5b.
958 848 1055 888 Regis
1083 854 1189 881 natam
1216 855 1250 881 tu
1277 852 1408 882 sanasti.

951 897 1050 936 Quam
1080 902 1227 929 vexatam
1256 898 1413 930 roborasti

1001 945 1114 978 Crucis
1141 955 1211 977 cum
1237 952 1429 986 caragmate.

858 1030 920 1063 6b.
957 1031 1018 1062 Dei
1045 1032 1151 1063 cultor
1176 1033 1326 1074 iustitiae,

952 1079 1064 1110 Hostis
1089 1080 1175 1111 ultor
1203 1082 1372 1117 versutiae,

1004 1129 1170 1160 Postremo
1198 1129 1387 1162 decollatus.

860 1214 921 1248 7b.
960 1215 1088 1247 Visione
1114 1216 1325 1249 jucundantes

954 1263 1072 1295 Tecum
1100 1274 1182 1304 ponc
1209 1266 1408 1305 gratulantes

1004 1313 1103 1344 Pasce
1130 1323 1213 1353 pane
1240 1315 1388 1347 numinis.

209 1395 331 1423 Collect.
360 1405 414 1422 ms.
436 1395 679 1423 Emmeramense
701 1398 771 1424 anni
796 1395 878 1424 1351.
901 1397 975 1425 Clm.
998 1398 1154 1426 Monacen.
1180 1398 1280 1426 14:343.
1304 1414 1340 1418 —
1362 1398 1424 1431 32,
1456 1399 1467 1426 1

131 1433 272 1470 legeteca.
294 1448 331 1452 —
354 1432 405 1467 3³,
428 1432 446 1461 3
468 1435 639 1462 Numerum.

530 1578 574 1607 77.
617 1577 659 1608 De
681 1578 790 1608 sancto
813 1577 1068 1609 Bartholomaeo.

158 1668 219 1700 la.
255 1667 354 1706 Quem
382 1667 483 1699 solem
509 1667 704 1699 invisibilem

257 1715 414 1756 splendor
439 1716 507 1747 eius
532 1715 616 1747 nube
643 1716 750 1748 carnis

256 1763 425 1805 clarificat,

157 1853 218 1885 2a.
255 1851 327 1884 Non
356 1855 459 1884 matre
486 1852 655 1892 degenere,

255 1901 313 1932 sed
340 1901 429 1932 claro
455 1909 573 1940 genere

256 1949 358 1981 virtus
384 1949 488 1989 patris
515 1949 612 1986 velat,

155 2038 214 2071 3a.
251 2037 311 2076 Qui
337 2046 398 2077 per
422 2036 582 2076 almiphos

255 2086 476 2118 calceamenta
502 2083 649 2116 extendit

249 2134 292 2166 ad
319 2134 527 2176 alienigenas,

155 2224 218 2255 4a.
257 2220 365 2253 Verbo
392 2223 484 2252 curat
509 2227 634 2259 aegros,

253 2269 405 2302 obsessos
431 2268 551 2300 liberat

253 2322 286 2350 et
309 2317 394 2360 regis
422 2315 532 2357 filiam,

862 1668 924 1702 1b.
959 1668 1121 1708 Splendor
1147 1669 1377 1701 inarcessibilis

953 1717 1006 1748 hic
1032 1718 1156 1749 accedit
1184 1722 1215 1749 et
1242 1719 1390 1750 tenebras

956 1765 1127 1798 illuminat.

859 1851 920 1886 2b.
958 1852 1029 1884 Non
1063 1862 1159 1884 carne
1185 1852 1288 1885 frater
1314 1859 1372 1894 est,

955 1901 1012 1932 sed
1039 1902 1142 1941 gratia
1169 1902 1271 1944 patris

958 1949 1075 1981 virtute
1102 1951 1259 1984 dominus,

860 2035 919 2068 3b.
956 2035 1018 2067 Per
1045 2037 1322 2069 Bartholomaeum

955 2083 1048 2127 Seon,
1065 2094 1170 2125 regem
1185 2087 1469 2129 Amorrhaeorum‚

956 2133 1146 2165 conculcans
1173 2135 1203 2165 in
1234 2135 1336 2176 India,

859 2218 923 2252 4b.
959 2219 1063 2251 Huius
1089 2220 1274 2252 interventu

955 2267 1017 2299 sibi
1048 2269 1233 2300 reconciliet

955 2316 1104 2350 Christus
1130 2317 1310 2349 ecclesiam.

207 2405 292 2433 Miss.
319 2413 371 2431 ms.
394 2403 587 2439 Frisingense
615 2410 692 2429 saec.
726 2399 768 2428 15.
799 2401 862 2430 Cod
889 2401 967 2430 Scot.
996 2401 1201 2430 Vindobonen.
1231 2401 1267 2430 55
1289 2411 1307 2430 a
1328 2402 1354 2430 3.
1376 2404 1410 2431 A.
1434 2418 1471 2422 —

129 2444 214 2472 Miss.
236 2452 291 2471 ms.
312 2443 544 2480 Salisburgense
566 2450 644 2469 saec.
668 2439 712 2467 15.
735 2439 806 2475 eod,
828 2440 1032 2477 Salisburgen.
1055 2441 1080 2468 V
1100 2439 1118 2469 3
1141 2442 1168 2469 Η
1192 2440 1253 2469 167.
1277 2442 1309 2469 B.
1327 2457 1357 2461 —
1377 2442 1430 2477 2a,
1455 2442 1468 2470 1

130 2483 198 2512 Non
219 2485 328 2510 natura
349 2482 384 2510 A.
406 2495 444 2501 --
464 2479 520 2514 32,
545 2478 559 2508 1
584 2479 732 2516 alimphos
755 2478 788 2513 A,
811 2480 919 2508 ebenso
942 2480 1183 2508 unverstiindlich
1205 2481 1250 2508 als
1271 2481 1430 2518 almiphos.
