1655 2713
680 193 723 198 —
775 175 843 210 331
894 195 943 202 —

146 260 233 294 132.
265 262 367 295 Totus
395 269 509 305 raptus
535 267 568 300 in
594 278 735 302 amorem
847 275 890 308 13
902 275 933 310 b.
966 276 1030 309 Sed
1058 280 1242 312 maturitate
1270 290 1391 314 morum

265 311 447 345 Meditatur
472 315 575 356 legem
602 322 758 360 sanctam,
968 325 1108 367 Tempus
1136 328 1264 361 vivebat
1289 334 1442 370 aetatum,

264 358 338 391 Non
352 360 534 403 humanam,
554 366 611 397 sed
628 366 784 408 divinam,
966 373 1057 412 Quod
1085 376 1218 408 miratur
1245 378 1433 411 clericorum

314 407 355 440 Et
390 418 459 441 cum
487 414 573 444 omni
600 415 783 455 prophetia.
1015 423 1131 455 Coetus
1162 434 1259 465 super
1284 428 1401 460 omnia.

144 483 229 516 14a.
259 484 291 516 A
318 486 486 525 primaevo
512 490 688 524 iuventutis
849 496 891 529 14
902 497 932 529 b.
966 499 1158 533 Parentibus
1185 503 1248 534 iam
1276 503 1436 537 defunctis

262 533 362 574 Fugit
388 540 480 568 actus
508 539 673 579 vanitatis,
967 547 1099 580 Confert
1127 559 1183 582 sua
1210 561 1283 584 mox
1311 555 1418 593 egenis

264 581 293 612 It
320 591 381 622 per
409 584 492 616 viam
519 590 721 628 paupertatis
965 595 1006 626 Et
1036 605 1153 636 egenus
1181 608 1250 630 cum
1282 601 1385 633 beatis

314 631 367 662 Ad
394 633 461 664 alta
487 633 627 676 fastigia.
1014 645 1167 677 Pervenit
1193 648 1234 679 ad
1263 650 1424 684 caelestia.

145 705 227 738 15a.
260 706 379 739 Servus
406 709 467 741 Dei
504 710 586 752 fugit
618 715 782 757 mundum,
850 718 891 751 15
904 718 934 753 b.
967 720 1030 752 Sed
1059 722 1191 755 lucerna
1217 727 1335 758 mundo
1359 728 1478 768 lucens,

261 755 511 800 Quemagnovit,
521 760 803 805 hunctimendum,
966 768 1097 802 Cunctis
1125 781 1231 803 veram
1260 774 1361 807 lucem
1385 787 1477 816 prae-

263 803 363 844 Fugit
390 815 505 838 vanum
526 812 557 839 et
575 809 778 854 obscaenum,
1192 821 1280 863 bens,

311 852 373 884 Ubi
402 855 518 893 pedem
547 857 610 888 cito
636 859 746 892 trahit.
964 864 1029 896 Sub
1058 868 1165 900 modio
1191 869 1295 901 lumen
1324 881 1445 911 ponens

1012 914 1176 947 occultari
1203 928 1265 949 non
1290 921 1404 958 potuit.

139 976 181 1010 16
196 985 225 1008 a.
257 977 300 1009 Et
334 979 525 1012 immensum
552 983 679 1021 pondus
709 985 779 1016 auri
843 988 929 1021 161).
959 990 1065 1022 Adest
1092 995 1215 1024 cunctis
1243 994 1349 1027 ferens
1372 1008 1474 1037 opem,

261 1025 399 1058 Sanctus
425 1028 517 1060 offert
545 1031 692 1070 genitori,
962 1038 1090 1070 Palmns
1119 1042 1220 1072 tendit
1248 1044 1289 1074 ad
1317 1045 1455 1085 inopem,

260 1073 310 1106 Ne
336 1076 464 1114 puellae
491 1077 639 1117 lupanari
962 1086 1029 1117 Nec
1057 1086 1223 1120 fastiditus
1249 1101 1422 1132 pauperem

307 1123 506 1156 Maritentur
530 1126 674 1161 infamia.
1008 1135 1220 1175 Propulsatur
1246 1140 1363 1180 inopia.

140 1203 222 1236 1721.
255 1203 464 1245 Refulgentes
491 1212 557 1239 tres
585 1210 720 1248 puellaS,
838 1214 880 1246 17
895 1213 925 1245 b.
957 1217 1064 1256 Atque
1091 1218 1183 1250 thoro
1210 1223 1367 1261 coniugali

257 1253 436 1286 Venustate
465 1256 644 1299 ὀρθοῖ-Δίας,
958 1265 1202 1306 Coniunguntur
1228 1272 1367 1302 maritali

257 1300 362 1342 Super
388 1312 498 1335 omnes
524 1306 687 1344 speciosas
957 1312 1041 1344 Dato
1069 1315 1154 1347 douo
1180 1318 1319 1356 spiritali

304 1350 420 1383 Servat
446 1362 465 1383 a
492 1353 670 1395 calumnia;
1008 1362 1171 1395 Pontificis
1198 1367 1312 1405 gratia.

134 1431 219 1464 182.
252 1431 367 1464 Statim
396 1432 479 1476 fugit
505 1435 686 1477 incognitus
837 1441 922 1474 181³.
956 1443 1047 1485 Vide,
1076 1446 1191 1486 inquit,
1220 1458 1259 1479 ne
1285 1450 1435 1492 loquaris,

254 1480 470 1521 Dispensator
496 1483 650 1516 Nicolaus
955 1492 1113 1530 Quamdiu
1145 1495 1204 1526 hac
1232 1497 1296 1529 vita
1324 1501 1468 1540 moraris,

253 1529 478 1570 Insequentem
506 1531 692 1574 fugientem,
952 1539 1001 1571 Ne
1028 1545 1059 1572 te
1085 1545 1208 1575 cunctis
1239 1545 1401 1586 efferaris;

252 1580 351 1617 Quem
373 1581 505 1620 agnovit
524 1590 597 1613 mox
613 1587 827 1622 praesentem.
955 1588 1097 1621 Laudem
1124 1592 1231 1632 effugit
1259 1594 1439 1629 humanam.

132 1659 218 1693 1921.
251 1660 415 1693 Summum
435 1667 561 1702 patrem
579 1666 768 1710 exorabant,
834 1670 918 1703 191).
952 1671 1084 1704 Servum
1113 1675 1172 1706 Dei
1202 1676 1381 1720 Nicola‚um

252 1710 410 1742 Continue
438 1710 629 1752 flagitabant
954 1721 1216 1755 Praesentantem
1245 1726 1275 1756 in
1302 1728 1429 1770 atrium,

252 1757 293 1789 Et
321 1759 473 1798 precibus
495 1761 576 1793 hunc
594 1763 769 1803 pulsabant
952 1769 988 1800 In
1017 1771 1160 1803 ditinum
1187 1776 1373 1813 mjsterium

302 1806 791 1852 Fundendoprecessuppliees.
1002 1818 1139 1858 Elegere
1166 1823 1346 1862 pontifices.

129 1888 174 1921 20
187 1896 216 1920 a.
250 1887 362 1929 Neque
387 1900 467 1923 aura
494 1891 631 1925 favorali
830 1899 874 1931 20
890 1898 920 1930 b.
954 1900 1022 1932 Nec
1049 1903 1164 1942 pretio,
1192 1914 1250 1936 nec
1278 1908 1428 1945 precibus

249 1936 319 1969 Nec
345 1939 484 1972 tumultu
511 1942 673 1982 populari,
950 1949 1091 1990 Eligitur
1117 1952 1157 1983 ab
1185 1954 1342 1994 omnibus,

249 1985 414 2019 Divinitus
439 1989 584 2022 clericali
950 1998 1021 2029 Non
1050 2000 1198 2042 humano,
1227 2005 1283 2035 sed
1313 2005 1422 2037 divino

295 2036 483 2069 Ascribitur
509 2037 638 2074 officio.'
1000 2048 1191 2082 Pracficitur
1216 2051 1347 2085 indicio.

127 2117 168 2149 21
183 2126 212 2151 a.
242 2118 330 2149 Ante
357 2118 444 2151 fores
469 2120 673 2164 invenerunt,
829 2127 918 2161 21b.
951 2129 1104 2162 Nicclaus
1131 2142 1199 2164 sum
1228 2134 1366 2177 humilis,

246 2166 327 2198 Eius
354 2177 469 2200 nomen
496 2179 570 2202 mox
587 2171 766 2212 inquirunt,
949 2177 1067 2210 Servus
1095 2185 1220 2213 vestrae
1247 2185 1437 2229 sanctitatis,

247 2215 505 2249 Praestolantem
531 2225 751 2260 cognoverunt
951 2226 1052 2259 Verus
1080 2229 1185 2261 cultor
1211 2232 1378 2269 trinitatis

295 2263 395 2297 Nullo
421 2271 529 2298 tamen
555 2266 730 2304 indicante.
1000 2276 1117 2308 torde
1146 2287 1223 2309 voce
1242 2282 1463 2319 praedicante.

128 2346 173 2378 22
184 2354 215 2378 a.
246 2345 343 2378 Hunc
368 2347 468 2389 elegit
493 2349 578 2382 inter
603 2351 714 2390 plnres
829 2356 874 2389 22
886 2355 916 2389 b.
950 2358 1089 2398 Propter
1120 2369 1242 2392 morum
1270 2366 1463 2403 gravitatem

249 2394 422 2428 Pontifices
449 2399 640 2439 coaequales
950 2406 1125 2439 Provectus
1151 2409 1184 2441 in
1208 2411 1402 2454 pontificem,

246 2441 360 2484 Neque
386 2448 494 2478 tamen
520 2446 718 2491 inaequales,
949 2454 1147 2489 Sublimatus
1173 2459 1203 2490 in
1231 2461 1355 2502 apicem

249 2491 348 2524 Hunc
371 2493 489 2526 ascivit
514 2504 613 2536 super
638 2506 766 2539 omne83
949 2504 1071 2537 Stolam
1098 2511 1242 2540 meretur
1269 2510 1440 2552 duplicem.
