1655 2713
723 157 960 192 -96-

206 258 265 290 8a.
302 253 397 294 Ecce,
425 256 559 287 militum
585 255 689 287 iacula
892 253 954 286 8b.
990 249 1120 286 cunctis
1145 252 1187 285 ad
1211 261 1247 284 se
1273 250 1490 284 clamantibus

349 304 419 336 Non
461 303 623 335 laeserunt
665 302 806 334 Christo·
1035 299 1226 340 Impetravit
1250 300 1414 338 auxilium,

579 351 724 390 phorum,
989 349 1109 381 Caesus
1133 344 1212 392 [est]
1239 357 1259 380 a
1283 346 1462 382 tortoribus

299 401 437 440 Quorum
467 408 561 430 unum
589 407 658 429 cum
685 397 809 429 macula
1035 396 1078 428 Et
1103 399 1269 437 susceptus
1287 395 1320 427 in
1338 395 1507 436 gaudium.

348 448 463 487 Regem
490 447 563 477 iecit
588 444 785 485 pestiferum.

206 545 264 576 9a.
300 540 363 577 llli,
391 543 442 582 qui
470 546 545 573 tunc
571 545 602 572 te
627 541 781 580 perdidit,
892 540 954 576 9b.
991 537 1145 573 Trinitati
1171 540 1214 571 sit
1239 540 1342 581 gloria

346 590 476 629 Reddis,
492 598 510 620 o
522 593 653 628 martyr,
669 589 804 627 oculum,
1034 589 1097 621 Pro
1120 592 1257 628 patrono
1276 592 1341 619 tam
1359 591 1504 627 strenuo,

299 638 392 675 Hinc,
419 638 472 676 qui
498 646 582 668 nunc
599 637 643 668 tui
663 637 805 667 meminit
987 635 1083 668 Cuius
1110 636 1201 668 nobis
1227 636 1363 668 victoria

345 685 498 718 Precibus
529 685 617 716 salva
642 685 804 724 populum.
1035 684 1139 715 Prosit
1165 684 1217 715 hic
1244 688 1276 715 et
1302 687 1469 724 perpetuo.

256 780 338 805 Miss.
365 780 587 815 Numhurgeuse
614 780 682 814 imp.
712 779 846 806 Basileae
875 776 958 805 1517.
980 778 1016 805 A.
1039 793 1074 797 —-
1097 779 1180 806 Miss.
1202 779 1410 814 Mag-antinum
1432 779 1502 814 imp.

180 818 313 844 Basileae
344 815 424 844 1520.
454 818 485 844 B.
507 831 543 836 —
564 817 620 849 4a,
649 818 666 844 2
693 818 830 845 Sammon
852 817 886 844 A.
907 831 943 835 —
967 816 1022 850 7a,
1051 815 1069 844 2
1096 826 1162 844 cum
1191 817 1257 844 olea
1283 818 1317 844 A.
1340 832 1374 835 —
1399 816 1457 849 712,
1485 815 1506 844 2

179 856 361 890 Terrensque
376 856 435 882 AB.
452 871 486 874 —
502 854 553 888 9³,
570 855 587 882 3
603 857 653 890 qui
668 859 736 882 tunc
752 857 784 882 B.
799 870 836 873 —
850 856 911 882 Das
928 855 1128 882 Akrostichon
1152 855 1365 889 „Iohannes
1388 855 1503 883 Desal

179 894 223 922 (de
245 893 327 924 Sal?)
347 892 457 920 fecit“
481 895 610 920 erinnert
631 902 667 920 an
689 894 740 920 das
763 893 899 920 iihnliche
915 893 1114 920 Akrostichon
1138 893 1344 927 „Iohannes
1366 892 1499 921 Resal“

180 933 209 957 in
232 931 283 958 der
304 932 436 966 Sequenz
462 932 558 965 „Inter
580 935 695 958 sanctos
719 933 781 959 Deo
802 930 919 967 grat0s“
941 932 1038 963 (Anal.
1060 932 1142 963 vm,
1169 933 1217 959 Nr.
1244 931 1315 965 114).
1357 932 1430 959 Sind
1451 933 1501 960 Io-

180 969 290 996 hannes
318 970 405 996 Resal
434 970 492 996 und
521 971 611 996 Desal
637 971 683 996 die
706 970 852 1005 gleiche
875 970 1120 1003 Personliehkeit,
1142 970 1230 997 deren
1252 971 1346 998 Name
1367 972 1398 998 in
1420 973 1504 998 einer

180 1007 229 1034 der
257 1008 360 1034 beiden
388 1008 557 1042 Sequenzen
585 1007 675 1034 durch
697 1010 825 1043 Stoi-ung
850 1008 900 1034 des
928 1008 1141 1035 Akrostichons
1168 1008 1305 1036 verderbt
1333 1010 1392 1035 ist?
1432 1009 1502 1036 Unel

181 1054 263 1071 wenn
282 1046 323 1080 ja,
344 1047 382 1071 ist
405 1046 482 1072 daun
504 1046 591 1072 Resal
610 1046 679 1073 oder
695 1046 784 1073 Desal
803 1048 890 1081 (resp.
913 1046 947 1073 de
963 1046 1027 1079 Sal)
1046 1046 1093 1073 die
1115 1047 1239 1082 richtige
1254 1047 1363 1074 Fortu?
1385 1049 1420 1075 In
1435 1057 1501 1074 vor-

180 1083 328 1118 liegender
357 1084 489 1119 Sequenz
517 1084 613 1110 wiirde
641 1084 731 1110 durch
760 1084 949 1120 Umstelluug
974 1093 1033 1111 von
1064 1085 1127 1111 Rex
1154 1086 1278 1122 Dggnus
1305 1084 1373 1118 (5³,
1403 1085 1429 1119 l)
1454 1086 1503 1113 die

181 1122 266 1148 Form
296 1122 398 1151 Resal.
425 1124 454 1148 in
482 1122 532 1148 der
554 1123 684 1157 Sequenz
709 1123 793 1150 Anal.
814 1123 895 1154 VIII,
919 1123 969 1149 Nr.
994 1121 1047 1149 114
1067 1123 1157 1150 durch
1179 1123 1339 1159 Anderung
1363 1133 1423 1151 von
1444 1125 1499 1151 Re-

182 1160 307 1194 pellatur
328 1161 358 1186 in
380 1160 552 1194 Depellatur
573 1161 618 1187 die
640 1160 726 1187 For-m
747 1161 837 1188 Desal
859 1160 1080 1188 rekonstruiert.

637 1309 681 1339 97.
722 1309 764 1340 De
787 1311 896 1340 sancta
919 1309 1022 1340 Clara.

207 1400 221 1429 1
238 1407 266 1429 a.
305 1397 456 1437 Signiferi
483 1399 650 1438 discipula.
895 1399 954 1432 1b.
991 1399 1124 1439 Sumpto
1149 1409 1243 1432 sacco
1269 1409 1339 1432 cum
1367 1402 1501 1433 cordula

300 1445 419 1476 Christi
445 1446 571 1477 novella
596 1446 740 1485 plantula
990 1447 1090 1478 Pedes
1116 1449 1217 1479 nudat
1241 1449 1409 1480 iuvencula

347 1493 450 1524 Horto
480 1493 571 1524 floret
596 1494 759 1533 ecclesiae,
1035 1495 1140 1535 Clara,
1167 1500 1258 1527 tonsa
1284 1498 1435 1529 caesarie.

204 1589 262 1621 2a.
299 1587 351 1619 Sic
377 1597 492 1627 corpus
517 1588 636 1628 absque
661 1589 786 1621 macula
891 1589 953 1623 2b.
985 1589 1104 1622 Christi
1130 1591 1287 1623 scandens
1309 1592 1341 1623 in
1365 1593 1498 1632 specula

297 1635 361 1667 Sub
389 1636 469 1667 dura
494 1637 610 1675 premit
636 1635 739 1668 ferula
982 1637 1093 1669 Hostis
1119 1639 1273 1678 propellit
1297 1640 1413 1681 iacula,

345 1683 484 1722 Sumptis
511 1684 607 1715 armis
628 1685 771 1718 militiae,
1033 1685 1141 1717 Fortis
1168 1696 1296 1718 manens
1322 1688 1352 1719 in
1379 1689 1458 1721 acie.

203 1779 263 1810 33.
299 1777 446 1809 Nondum
474 1783 549 1809 nata
893 1779 956 1814 3b.
991 1780 1170 1813 Crucifixus

347 1826 444 1856 Matri
470 1826 667 1865 promittitur
1033 1832 1166 1860 matrem
1192 1831 1377 1870 adloquitur

299 1873 393 1906 Clara
419 1873 525 1912 proles
984 1876 1105 1908 Metum
1133 1878 1244 1910 mortis

344 1920 495 1952 mundum
520 1921 712 1953 illuminans.
1033 1934 1164 1964 prorsus
1190 1926 1368 1959 eliminans.

202 2016 263 2048 4a.
300 2016 421 2047 Lumen
449 2017 567 2048 clarum
595 2017 710 2048 claruit
889 2020 950 2052 4b.
987 2020 1148 2052 Christum
1176 2022 1296 2054 clarum
1325 2024 1433 2056 docuit

345 2063 439 2095 Clara
465 2064 550 2096 claro
575 2074 700 2107 genere,
1032 2069 1142 2100 Mente
1168 2070 1256 2102 clara
1280 2080 1404 2113 gerere,

298 2110 354 2142 Cui
379 2112 514 2143 mundus
540 2113 683 2155 sorduit,
986 2117 1047 2148 Per
1072 2126 1164 2156 quem
1191 2118 1277 2150 clare
1303 2120 1491 2159 splenduit„

203 2208 262 2238 5a.
300 2205 458 2238 crucifixo
891 2209 950 2243 5b.
986 2211 1022 2242 In
1049 2211 1196 2244 adversis

345 2253 440 2286 Clara
465 2255 667 2297 compatitur,
1031 2269 1191 2300 nunquam
1218 2264 1408 2305 concutitur,

296 2302 394 2334 Carni
420 2311 496 2334 suae
985 2306 1022 2338 In
1048 2317 1157 2341 amore

343 2350 480 2390 compati
506 2351 660 2394 nesciens,
1033 2364 1160 2398 semper
1185 2357 1366 2403 proficiens,

295 2397 390 2430 Cuius
417 2399 515 2431 clavis
984 2404 1081 2437 Cuius
1105 2410 1208 2438 morte

344 2450 448 2478 mente
474 2446 683 2488 transfigitur.
1030 2461 1116 2485 mors
1140 2458 1251 2488 nostra
1275 2457 1434 2490 moritur..
