1655 2713
212 560 270 591 2a.

213 712 273 743 3a.

218 961 278 991 4a.

215 1208 274 1239 53..

215 1453 274 1485 63.

215 1748 274 1779 7a.

215 2043 275 2077 8a.

214 2291 275 2323 9a.

715 166 761 171 —
813 147 880 183 174
930 166 974 170 —-

641 298 700 329 188.
744 299 785 329 De
807 300 915 329 sancto
936 298 1038 329 lvone.

557 407 586 440 1.
619 408 741 447 Pangat
767 411 799 438 et
825 408 963 440 exsultet
989 407 1134 447 ecclesiae

617 455 690 494 quia
716 455 782 486 eius
811 464 946 495 sponsus

302 559 406 590 Hodie

304 607 443 647 suscepit
470 608 501 638 in
528 617 584 639 sua
609 608 712 647 gloria

306 711 433 743 Nostris
459 713 490 743 in
516 712 713 752 temporibus

307 763 373 791 tota
400 769 455 791 sua
483 761 570 792 curia
600 787 602 789 .

303 816 395 846 quem
406 808 550 839 Christus
558 812 680 840 tantum
688 808 817 847 amavit,

306 855 390 894 quod
416 864 485 886 eum
512 860 719 895 praeornaret

310 960 379 1000 Qui,
408 969 476 991 cuni
501 960 533 991 in
559 961 711 992 scientiae

311 1008 483 1047 margarita
511 1008 698 1039 desudasset

313 1058 342 1084 et
370 1055 508 1086 studium
535 1055 705 1087 dimisisset

314 1111 372 1140 pro
398 1111 571 1142 pauperum
599 1104 781 1147 certamine,

302 1206 355 1237 Ad
382 1205 520 1237 officium
548 1208 688 1239 eiusdem

310 1261 378 1284 cum
405 1255 582 1286 constantia
609 1257 731 1287 exstitit

310 1304 421 1340 postea
445 1307 625 1342 assumptus

310 1357 368 1387 pro
395 1348 496 1379 salute
522 1348 675 1388 fidelium,

306 1452 390 1490 Quos
406 1453 438 1483 iu
464 1453 532 1493 lege
558 1454 615 1485 Dei

309 1499 486 1532 instruebat

309 1551 339 1578 et
365 1548 493 1579 assidue
520 1548 625 1580 verbis

311 1595 426 1626 divinis
452 1596 537 1635 ipsos

308 1642 479 1681 imbuebat,

307 1747 458 1780 Tandem.
487 1757 554 1780 cum
583 1750 622 1780 ad

310 1803 416 1826 curam
442 1797 551 1836 populi

310 1842 483 1874 destinatus
511 1842 633 1883 fuisset,

308 1894 339 1920 et
364 1900 462 1930 opera
486 1892 609 1923 miseri-

309 1939 437 1970 cordiae
464 1940 700 1980 complevisset,

306 2043 380 2082 Ipse
406 2044 492 2075 Deus

310 2095 449 2123 mortuos
476 2097 507 2123 et
533 2092 713 2126 mortiferos

308 2148 366 2179 pro
392 2139 492 2179 ipsius
518 2141 639 2172 meritis

308 2187 416 2226 plures
443 2189 550 2220 reddit
575 2189 727 2222 liberatos

307 2291 344 2322 In
362 2295 495 2332 tantum,
522 2293 607 2333 quod
626 2295 692 2326 eius
711 2295 820 2328 tumba

305 2348 325 2371 a
350 2339 498 2372 fidelibus

307 2396 427 2420 summe
452 2389 626 2422 honoratur

309 2438 340 2466 et
367 2437 480 2469 devote
507 2437 737 2479 frequentatur.

898 560 961 594 2b.

899 714 963 747 3b.

906 962 967 994 4b.

903 1211 966 1244 5b.

900 1457 961 1491 6b.

902 1753 962 1787 7b.

902 2049 965 2083 8b.

904 2297 966 2332 9b.

994 561 1133 599 Ivonem,

992 607 1204 641 confessorem
1234 610 1273 641 de
1300 610 1482 643 Britannia.

995 714 1134 746 Scientia
1162 716 1315 747 canonica

992 762 1127 794 modicis
1153 763 1363 805 temporibus,

994 814 1028 841 ut
1055 814 1160 842 tamen
1187 812 1258 851 ipsa
1284 821 1444 852 pauperes

993 867 1165 897 oppressos
1193 857 1392 893 defenderet.

999 963 1072 1002 Ipse
1100 964 1268 996 desideriis

1000 1011 1075 1042 totis
1101 1012 1232 1044 multum
1259 1013 1418 1044 laboravit

999 1062 1029 1089 et
1056 1067 1164 1090 vocem
1189 1069 1277 1091 suam
1305 1061 1463 1093 exaltavit

1000 1115 1059 1145 pro
1085 1106 1226 1146 ipsorum
1252 1107 1454 1143 liberamine.

1000 1212 1036 1242 In
1062 1221 1123 1251 quo
1151 1216 1226 1244 tune
1252 1213 1392 1253 legitime
1419 1218 1449 1245 et

997 1260 1064 1290 sine
1088 1260 1222 1291 alicuius
1249 1262 1436 1301 exceptione

996 1307 1044 1337 ius
1070 1307 1239 1347 unicuique

998 1354 1153 1386 reddebat
1181 1356 1333 1388 debitum.

992 1458 1034 1489 Et
1061 1459 1275 1491 incarceratos

994 1510 1086 1537 nocte
1112 1516 1172 1546 que
1199 1508 1250 1540 die

993 1553 1194 1586 confortabat

992 1605 1021 1632 et
1048 1611 1107 1641 pro
1133 1603 1212 1642 ipsis
1239 1603 1339 1635 Deum

995 1650 1158 1682 exorabat.

992 1754 1034 1785 Et
1061 1764 1228 1795 pauperes,

996 1802 1117 1834 debiles
1144 1813 1203 1843 pro
1230 1804 1299 1836 Deo

997 1847 1200 1895 [clementer]
1226 1851 1368 1895 fovisset,

995 1902 1024 1928 et
1053 1899 1312 1938 contemplationi

995 1954 1029 1976 se
1057 1947 1205 1978 continue
1232 1948 1384 1990 dedisset,

997 2050 1039 2082 Et
1065 2061 1128 2083 non
1154 2053 1256 2085 solum

996 2103 1070 2130 ante
1095 2100 1195 2140 ipsius
1223 2102 1359 2134 dissolu-

996 2146 1123 2189 tionem,
1151 2149 1246 2182 immo
1277 2155 1309 2182 et
1334 2157 1406 2192 post

999 2195 1136 2228 clemens
1162 2201 1355 2233 restauravit
1379 2200 1451 2233 illos

999 2299 1048 2331 Ibi
1073 2301 1291 2336 invocationes

997 2349 1223 2392 exaudiuntur,

963 2433 967 2438 ,
997 2400 1029 2427 et
1054 2397 1094 2429 ab
1121 2407 1158 2431 eo
1184 2400 1249 2432 illis

998 2445 1151 2478 miracula
1177 2449 1399 2490 impetrantur.
