1655 2713
735 166 996 202 —264—

633 308 699 339 296.
743 308 786 339 De
807 310 916 340 sancto
936 310 1106 351 Stephano.

234 396 292 428 la.
326 396 550 428 Laetabundus

325 443 371 475 Sit
399 450 572 485 martyrum
600 445 696 477 choro
723 449 834 478 cantus

370 492 519 524 Alleluia.

229 592 288 625 221.
320 592 382 623 Per
407 594 688 634 protomartyrium

321 640 415 678 Capit
443 641 656 673 testimonium

368 688 421 719 Sol
449 688 487 719 de
514 689 618 723 stella.

226 786 285 817 3a.
317 786 406 818 Sicut
433 788 578 820 Christus
604 790 752 830 precibus

322 835 446 866 Profuit
472 836 522 866 hic
549 837 691 869 hostibus

367 883 442 914 Pari
470 882 583 916 forma.

225 983 283 1012 4a.
317 982 458 1022 Angelus
485 985 644 1026 apparuit,

321 1029 373 1060 Sic
398 1031 477 1061 mire
502 1032 702 1071 resplenduit

366 1077 457 1108 Valle
483 1084 600 1112 nostra.

224 1178 283 1206 521.
315 1175 498 1217 synagogae
524 1179 630 1210 studia

319 1224 499 1264 Probatque
525 1227 656 1258 consilia

319 1272 380 1303 Per
406 1273 584 1312 scripturae
610 1275 716 1307 studia

362 1319 443 1351 Esse
469 1330 572 1353 caeca.

225 1421 283 1449 fia.
315 1419 490 1450 Terrestris
518 1429 632 1460 aspera

319 1466 465 1498 Noverca
492 1468 622 1500 vulnera

363 1514 427 1545 Dat
454 1515 638 1556 Ierusalem,

410 1570 486 1601 gens
513 1564 638 1598 misera.

924 399 986 432 lb.
1018 400 1113 442 Ecce,
1140 401 1272 441 primus,

1019 448 1088 480 Nec
1113 449 1271 481 secundus
1291 449 1374 491 talis,
1402 452 1530 490 tantus3

1060 497 1123 528 Res
1149 497 1316 529 miranda!

913 596 975 630 21).
1007 597 1061 629 Fit
1086 597 1197 637 regula
1214 598 1354 638 testium,

1008 645 1146 684 Specula
1173 646 1360 677 caelestium

1056 693 1191 733 Semper
1217 694 1322 726 clara.

910 792 971 825 3b.
1003 793 1117 824 Fidem
1143 794 1259 833 probat
1286 795 1422 834 actibus,

1003 842 1090 879 Quae
1116 842 1212 874 nullis
1239 843 1425 875 terroribus

1048 890 1101 922 Fit
1128 895 1289 929 corrupta.

911 987 973 1021 4b.
1007 989 1090 1020 Vere
1116 989 1227 1022 beatus
1254 990 1311 1022 fuit

1006 1037 1073 1075 Vir,
1102 1039 1152 1069 cui
1180 1039 1302 1070 caelum
1328 1041 1432 1080 patuit

1054 1086 1157 1117 Carne
1178 1091 1316 1126 sumpta.

909 1186 967 1216 5a.
1000 1184 1062 1216 Per
1087 1185 1185 1217 multa
1211 1187 1358 1228 prodigia

1001 1231 1103 1263 Nimis
1130 1234 1290 1266 mirabilia

1002 1279 1203 1312 Protestatur
1229 1283 1334 1315 omnia

1050 1327 1138 1359 Haec
1161 1330 1339 1368 praedicta.

908 1425 971 1458 eb.
1004 1427 1158 1459 Caelestis
1184 1429 1285 1461 libera

1003 1474 1104 1506 Beata
1130 1486 1262 1509 munera

1051 1523 1109 1554 Pia
1135 1525 1247 1556 tribuit

1099 1580 1269 1612 puerpera.

271 1660 353 1687 Miss.
382 1671 433 1687 ms*
456 1663 618 1689 Romanum
645 1673 720 1692 saec.
750 1664 794 1692 14.
816 1666 884 1693 Cod.
906 1667 1032 1696 Par-isin.
1063 1668 1127 1696 827.
1155 1686 1192 1690 —
1216 1671 1273 1700 la.
1297 1672 1314 1700 2
1335 1674 1450 1702 chorus.
1474 1691 1511 1696 —

194 1697 254 1729 53,
283 1696 301 1724 3
322 1700 433 1733 studia,
462 1701 590 1733 gleiches
611 1702 803 1731 Schlusswort
825 1706 879 1731 wie
901 1707 931 1732 in
952 1706 1011 1738 ὄπ,
1043 1706 1071 1739 l,
1101 1710 1248 1738 erscheint
1269 1713 1451 1750 vei-dachtig.
1474 1730 1510 1734 —

195 1736 336 1763 Melodie:
357 1734 641 1766 LaetabunduSJ

596 1881 660 1912 297.
701 1881 734 1912 ln
755 1883 875 1915 Octava
897 1893 921 1916 s.
943 1885 1103 1925 Stephani.

217 1966 231 1997 1
246 1975 274 1997 a.
306 1968 531 2001 Laetabundus

310 2015 410 2047 Grata
435 2026 511 2048 voce
537 2022 654 2058 pangat
680 2023 787 2052 coetus

353 2064 512 2107 Alleluia;

213 2164 272 2195 2a.
307 2164 503 2205 Stephanum
530 2168 709 2200 constantia

309 2212 371 2244 Sua
396 2214 499 2254 replet
522 2216 626 2255 gratia

353 2261 405 2293 Sol
434 2262 473 2294 de
499 2263 604 2296 stella.

213 2361 272 2392 3a.
304 2361 450 2403 Satrapis
476 2368 510 2395 ut
535 2365 670 2407 sistitur,

304 2411 421 2450 Angeli
447 2413 643 2452 conspicitur

355 2459 429 2491 Pari
455 2458 567 2493 forma.

902 1976 918 2008 1
933 1975 964 2008 b.
995 1976 1218 2018 Protomartyr

995 2024 1132 2056 Mortem
1145 2028 1279 2065 spernit.
1291 2029 1377 2061 subit
1389 2030 1508 2071 laetus3

1039 2072 1103 2104 Res
1129 2074 1277 2108 miranda
1289 2078 1294 2107 !

899 2170 961 2206 2b.
993 2172 1096 2205 Huius
1122 2183 1181 2214 per
1207 2175 1357 2218 suffragia

994 2221 1170 2254 Patrantur
1194 2225 1343 2266 prodigia

1043 2269 1178 2311 Semper
1204 2272 1301 2306 clara.

902 2369 965 2404 3b.
996 2371 1154 2411 Martyris
1180 2374 1212 2406 in
1239 2375 1347 2408 odium

996 2419 1090 2452 Mens
1117 2429 1227 2454 errore
1246 2425 1374 2458 testium

1045 2467 1100 2500 Fit
1125 2476 1288 2514 corrupta.
