1655 2713
674 175 722 180 —
772 156 839 192 207
893 175 936 182 —

160 246 223 280 62.
256 246 366 279 Primo
381 257 474 281 mane
488 248 552 282 fert
566 256 774 295 unguentum,
860 254 921 288 6b.
954 255 1033 286 Eius
1059 253 1151 286 fletus
1176 254 1344 293 hilaratur,

261 294 454 328 Vaditfiens
468 298 510 330 ad
525 305 773 344 monumentum,
955 302 1065 335 Prima
1089 303 1175 335 venit
1202 307 1233 334 et
1260 303 1395 335 miratur

307 342 451 376 Mentem
477 346 561 387 gerit
587 348 740 388 sanciam,
1005 351 1211 392 Resurgentis
1238 351 1384 390 gloriam.

581 444 611 475 7.
639 443 797 476 Iteremus
824 450 855 476 et
881 450 1045 478 cantemus

687 492 902 532 Magdalenae
929 495 1074 534 gloriam.

211 581 295 608 Miss.
318 591 371 609 ms.
387 583 771 614 Romano-Franciscanum
793 589 863 614 anni
881 587 963 616 1451.
982 590 1052 616 Cod.
1069 591 1157 617 Univ.
1174 590 1310 617 Patavin⁴
1329 589 1412 618 2203.
1431 607 1465 610 —--

130 617 196 653 2b,
222 618 242 646 4
261 621 351 648 vitae.
375 635 412 639 —
434 620 496 654 3a,
525 621 542 649 2
564 622 646 650 lavit.
669 639 702 644 -·
727 623 745 652 3
760 626 790 658 b,
818 624 836 653 3
858 627 1016 654 Miserator
1038 629 1104 663 pius
1130 630 1283 656 Dominus.
1306 643 1341 647 —
1363 629 1426 663 4³,
1451 629 1463 656 l

131 659 217 686 stola.
240 673 275 677 —
297 658 362 691 4a,
393 658 411 687 2
433 661 612 697 Aggreditur
639 663 777 691 sichtlich
805 665 909 698 fals-clu
941 666 977 691 oh
1006 667 1161 694 verlesen?
1196 683 1230 686 —
1261 667 1324 699 421,
1354 667 1372 695 3
1398 678 1465 695 con-

130 697 279 725 tumeliae.
302 715 338 718 —
353 697 410 731 4b,
432 697 450 727 3
472 700 525 727 Sui
547 702 641 736 sequi.
659 716 695 720 —-
710 701 766 734 51),
789 701 806 729 2
828 703 957 739 pendens
981 705 1083 740 perdit.
1102 720 1136 723 —
1153 706 1303 733 Abschrift
1318 716 1377 734 von
1392 708 1462 734 Rev.

130 737 168 764 H.
191 737 231 763 M.
256 737 422 765 Baunister.

577 843 643 874 229.
687 843 729 874 De
752 846 863 876 sancta
884 845 1021 876 Martha.

154 932 214 965 la.
246 931 323 964 Dies
350 932 443 964 adest
469 933 609 973 gloriosa
852 934 912 967 1b.
945 935 1041 967 Cuius
1069 934 1151 967 festa
1178 937 1319 975 pretiosa

297 980 447 1012 Marthae
474 981 618 1021 virginis,
995 983 1133 1023 Fulgent
1160 985 1295 1023 gaudiis,

151 1077 212 1109 2a.
245 1076 354 1117 Stirpe
382 1078 469 1117 regia
849 1078 911 1113 2b.
947 1079 989 1110 Et
1018 1079 1190 1116 Eucharia,

297 1124 387 1157 Haec
414 1126 504 1165 virgo
531 1127 688 1166 processit
993 1127 1114 1167 Quibus
1141 1134 1211 1168 post
1241 1130 1396 1161 successit

346 1173 428 1213 Syro
455 1179 547 1214 patre
574 1175 682 1215 genita
1044 1177 1147 1208 Heres
1175 1181 1278 1208 matre
1304 1178 1426 1212 inclita.

144 1271 208 1304 3a.
241 1271 278 1303 In
306 1279 369 1310 qua
395 1279 509 1302 revera
845 1271 906 1305 3b.
938 1273 1143 1305 Producatur
1169 1283 1187 1305 a

244 1318 441 1361 declaratur,
941 1330 1097 1360 generosa

245 1367 331 1407 quod
358 1367 476 1399 nobilis
503 1366 626 1400 fructus
942 1369 1063 1409 stipitis
1091 1369 1247 1408 plantula.

143 1465 207 1496 4a.
241 1464 353 1504 Igitur⁷
383 1464 416 1495 in
443 1468 597 1504 quantum
843 1465 907 1498 4b.
939 1466 1118 1497 Ambulans
1145 1466 1177 1496 iu
1204 1465 1290 1496 omni

241 1512 289 1543 vis
315 1513 460 1544 excrevit
486 1513 676 1553 corporalis,
941 1514 1102 1553 sapientia
1130 1513 1169 1544 de
1197 1514 1314 1544 virtute

242 1564 366 1592 tantum
393 1570 530 1593 accensa
556 1562 689 1594 caelesti
940 1563 971 1593 in
1003 1563 1163 1601 virtutem,
1191 1562 1321 1601 spin'tui

241 1609 347 1651 gratia
373 1608 513 1650 profecit
540 1608 649 1642 fervor
940 1610 1146 1641 tenerrimam
1172 1610 1218 1640 sic
1244 1610 1379 1641 subiecit

237 1658 395 1699 spiritalis
407 1670 414 1699 3
939 1660 1147 1692 iuventutem.

141 1751 200 1782 5a.
234 1749 306 1782 Hoc
332 1750 427 1782 modo
455 1750 571 1782 devota
838 1751 901 1786 5b,
931 1750 1115 1782 Laboraute
1141 1750 1271 1791 qnidem

238 1807 432 1830 conversans
458 1799 602 1839 puellula
934 1800 991 1831 illa
1019 1799 1124 1831 verbis
1152 1799 1270 1831 divinis

233 1846 339 1879 Deum
365 1847 456 1887 caeli,
485 1858 578 1888 quem
934 1848 1013 1880 haec
1040 1847 1234 1888 intenderat,

237 1895 331 1928 domo
358 1896 466 1928 cordis
491 1896 634 1939 gerebat,
936 1897 1024 1928 cuius
1052 1895 1167 1928 faciem
1194 1904 1323 1936 semper

234 1944 366 1976 tandem
392 1945 591 1985 pascendum
935 1945 1163 1985 concupierat3

234 1993 376 2034 hospitio
403 1993 591 2037 recipiebat,
935 1994 981 2026 sic
1006 1993 1119 2026 ambae
1147 1993 1345 2032 redemptori

235 2042 286 2074 cui
313 2042 360 2074 sic
934 2043 1063 2084 placere

233 2089 379 2123 officiose
404 2090 578 2133 serviebat,
935 2091 1132 2132 desiderant,
1160 2090 1234 2130 quia
1260 2090 1410 2122 caelestis

233 2142 270 2171 ut
294 2139 415 2171 sororis
933 2144 1026 2180 pater
1053 2140 1125 2170 illas
1174 2137 1185 2145 ’

233 2187 381 2220 vacantis
407 2197 500 2228 opem
933 2188 995 2219 sibi
1023 2189 1052 2219 in
1081 2196 1216 2228 sponsas

232 2236 468 2277 imploraverit.
932 2237 1156 2276 adoptaverat.

136 2330 198 2364 6a.
230 2329 326 2362 Felix
352 2329 452 2370 igitur
837 2328 900 2362 612.
933 2331 1052 2361 Amore
1080 2327 1168 2359 cuius

231 2378 391 2419 probatur
415 2377 474 2410 tali
499 2377 650 2419 praedita
810 2393 813 2397 ,
934 2378 1110 2409 redonatur
1137 2372 1262 2417 [fratri]
1291 2374 1358 2405 vita

231 2426 394 2467 qnondam
421 2431 561 2467 patrona
935 2423 966 2470 [a
992 2422 1136 2465 Christo]
1166 2423 1290 2455 Lazaro

229 2474 399 2514 Bethania,
932 2474 1080 2515 pristina.
