1655 2713
748 154 979 189 ‚78-

591 266 635 297 78.
679 266 721 297 De
743 268 850 297 sancto
872 266 1124 298 Bartholomaeo.

225 354 283 388 la.
318 355 433 386 Tradit
458 355 548 387 nobis
575 354 721 387 festivale
913 355 972 390 1b.
1009 357 1045 388 In
1071 366 1133 397 quo
1169 366 1314 390 curemus
1341 358 1469 390 demere

315 403 413 434 Laete
440 403 536 434 decus
562 403 755 443 triumphale
1005 405 1094 443 Quod
1130 406 1333 445 gestabamus
1359 410 1491 448 temere,

317 451 549 482 Bartholomaei
577 452 682 482 natale
1005 452 1049 485 Ut
1075 453 1178 493 possit
1204 454 1406 495 resipiscere,

364 499 497 530 Carmen
521 499 647 530 Christo
666 508 823 539 promere,
1050 501 1141 541 Quod
1169 500 1273 533 fuerat
1298 502 1404 536 letale.

221 584 279 615 2a.
318 584 414 615 Cuius
441 588 569 616 sanctus
596 585 776 616 illustratur
909 586 970 619 2b.
1005 587 1145 618 Excelsa
1170 589 1370 627 praedicatio

314 631 355 662 Et
384 632 538 662 doctrinis
566 631 765 674 fecundatur,
1003 635 1162 667 Instinctu
1190 635 1249 667 Dei
1276 637 1407 677 praevio

316 679 385 709 Hac
410 679 441 710 in
469 680 521 710 die
546 679 739 712 iucundatur
1002 682 1065 714 Dat
1092 683 1173 714 viam
1202 684 1291 715 cordi
1319 684 1422 724 devio,

363 726 531 758 Beatorum
558 729 673 769 contio,
1048 731 1100 762 Ad
1130 731 1224 763 vitam
1252 741 1314 772 qua
1341 737 1475 765 ineatur.

221 813 281 845 32.
321 812 473 843 Fructum
489 812 611 852 profert
627 823 688 853 quo
703 814 827 855 salutiS,
913 815 974 849 3b.
1010 817 1161 848 Extraxit
1192 817 1232 849 ab
1258 819 1421 850 erroribus

319 860 377 890 Yia
406 865 473 891 tuta
505 860 540 892 fit
566 871 627 892 nou
655 863 731 892 tutis
1006 864 1147 896 Imbutos
1175 866 1262 905 vagis
1287 867 1428 898 moribus

319 908 417 938 Victis
443 909 598 939 Astaroth
626 910 762 940 versutis
1004 911 1224 944 Sacrosanctis
1250 915 1449 946 sermonibus

365 955 404 986 Et
433 955 543 987 Berith
571 957 790 997 dogmatibus3
1052 961 1205 992 Idolatris
1231 961 1369 994 abnutis.

220 1043 280 1073 421.
317 1041 462 1072 Maerent
490 1042 596 1073 hostes
620 1043 768 1085 adiurati,
907 1045 968 1077 4b.
1005 1045 1068 1076 Sed
1095 1047 1213 1078 multor
1237 1057 1296 1087 per
1319 1049 1470 1081 incendia

310 1089 416 1119 Sancti
444 1089 549 1120 verbis
577 1090 740 1131 debellati,
1001 1094 1167 1132 Quoddam
1195 1096 1297 1134 inquit
1322 1097 1473 1129 immania

313 1137 371 1174 Qui
399 1135 487 1167 fuere
512 1138 683 1169 machinati
999 1141 1416 1182 Daemonium-praesentia

360 1185 485 1224 Augere
512 1184 643 1224 flagitia.
1046 1190 1196 1228 Apostoli
1227 1190 1322 1224 beati.

217 1270 276 1300 5a.
314 1268 437 1300 Victum
472 1270 578 1300 reddit
605 1279 638 1300 se
667 1275 819 1310 percepto
901 1273 963 1306 5b.
999 1274 1176 1306 Discedens
1203 1276 1304 1308 hostis
1331 1278 1443 1314 doluit,

312 1316 546 1348 Bartholomaei
574 1323 757 1358 praecepto,
997 1323 1186 1361 Compulsus
1214 1325 1267 1363 qui
1294 1326 1479 1366 succubuit3

311 1364 399 1394 (Jalle
426 1363 548 1404 fugiens
575 1371 715 1404 arrepto,
995 1370 1170 1401 Aeternum
1197 1371 1299 1403 Deum
1326 1374 1433 1406 docuit

358 1411 449 1443 Idola
476 1413 676 1451 comminuit;
1045 1417 1125 1449 Nam
1151 1420 1269 1458 populo
1296 1421 1442 1461 decepto.

212 1498 273 1528 62.
309 1496 431 1527 Rursus
458 1497 557 1528 hostis
585 1503 748 1530 catenatus
901 1501 962 1535 6b.
998 1504 1169 1535 Auctorem
1197 1509 1305 1537 tantae
1331 1507 1454 1546 gratiae

308 1544 359 1575 Ab
386 1545 498 1584 angelo
526 1550 717 1585 reportatus,
996 1551 1186 1583 Laudabant
1215 1552 1293 1584 fines
1320 1555 1442 1597 Indiae,

308 1591 420 1623 Coram
448 1593 541 1631 plebe
567 1594 754 1633 propalatus
995 1599 1057 1630 Per
1083 1599 1173 1639 signa
1199 1602 1288 1632 cuius
1316 1602 1410 1634 hodie

355 1640 449 1671 Picea
475 1641 532 1672 sub
559 1642 676 1681 speeie.
1039 1646 1191 1679 Abluitur
1216 1655 1334 1682 reatus,

212 1726 270 1756 73.
307 1725 386 1760 Rex,
407 1725 446 1756 ab
466 1727 556 1757 hoste
570 1728 622 1766 qui
638 1732 812 1771 torquetur,
900 1731 960 1763 7b.
996 1732 1161 1764 Effervens
1187 1743 1245 1773 per
1272 1735 1463 1768 dementiam

306 1773 387 1803 Dum
416 1773 527 1805 beatus
554 1775 602 1806 vir
628 1777 775 1807 medetur
884 1789 890 1795 ·
993 1781 1159 1820 Astriages
1186 1782 1340 1814 insaniam

305 1821 398 1852 Suam
426 1825 543 1860 natam,
570 1822 739 1862 profitetur
994 1827 1037 1858 Et
1062 1828 1129 1860 irae
1156 1828 1217 1860 fert
1244 1832 1447 1872 sententiam,

351 1869 490 1900 Messiae
516 1871 701 1909 potentiam.
1042 1875 1085 1907 Ut
1111 1877 1216 1916 capite
1241 1878 1409 1917 plectetur.

207 1955 266 1987 Sa,
305 1955 417 1985 Veram
445 1964 554 1994 pacem
582 1957 763 1996 interpella.
897 1959 958 1992 8b.
993 1962 1127 1993 Aeterni
1153 1972 1192 1994 ne
1218 1965 1369 2004 supplicii

303 2003 345 2034 Ut
377 2008 555 2042 sequestret
580 2008 690 2036 nostra
716 2005 811 2048 bella,

301 2050 367 2081 Nos
397 2050 549 2082 defendat
576 2061 595 2082 a
621 2053 762 2091 procella

347 2099 481 2130 Animae
507 2099 684 2141 naufragii3

991 2008 1165 2042 Cernemur
1188 2021 1244 2043 nos
1268 2013 1409 2056 obnoxii,

992 2057 1040 2088 Ne
1072 2057 1142 2090 dira
1168 2059 1222 2091 lux
1248 2060 1358 2093 iudicii

1039 2105 1101 2136 Det
1127 2107 1241 2139 merita
1267 2108 1404 2149 flagella.

257 2183 339 2209 Miss.
367 2192 418 2211 ms,
447 2184 475 2211 S.
498 2184 610 2212 Mariae
630 2186 829 2214 Traiecteusis
856 2196 931 2215 saec.
957 2187 999 2216 15.
1021 2190 1091 2217 Cod.
1113 2191 1300 2221 Ultraiectin.
1322 2193 1388 2222 405.
1410 2198 1442 2223 Α.
1465 2212 1503 2216 -

179 2221 260 2248 Miss.
296 2230 348 2248 ms,
379 2222 567 2250 Traiectense
593 2232 668 2250 saec.
700 2223 742 2251 15.
770 2225 842 2252 eod.
869 2226 1079 2256 Monasterien.
1110 2228 1166 2257 347
1191 2230 1258 2265 (41).
1281 2233 1313 2260 Β.
1346 2249 1372 2252 -
1399 2233 1455 2267 2a,
1487 2235 1500 2263 l

179 2261 287 2287 sanctis
310 2261 348 2291 A;
371 2260 389 2287 l.
412 2261 517 2288 factis?
531 2277 569 2280 —
585 2260 638 2295 4³,
660 2260 678 2289 2
699 2263 815 2291 Sanctis
836 2265 869 2291 B.
883 2279 919 2283 —
935 2264 987 2299 5a,
1012 2265 1024 2293 1
1047 2272 1203 2304 praecepto
1225 2271 1258 2297 A.
1275 2285 1311 2290 —
1325 2269 1380 2305 8b,
1402 2272 1421 2301 4
1442 2275 1503 2302 Dat

177 2299 202 2325 A
224 2299 255 2325 B.
278 2313 312 2318 —
335 2299 476 2326 Melodie:
507 2301 712 2328 Iucundare
741 2302 844 2337 plebs
866 2303 999 2332 fidelis
1019 2306 1365 2346 (Matthaeus-sequeno.
1389 2327 1423 2332 —
1446 2314 1501 2341 Be-

177 2337 372 2364 achtenswert
397 2339 443 2370 ist⁷
473 2338 536 2365 dass
560 2339 703 2374 jedesmal
731 2340 782 2368 der
803 2341 988 2370 Schlussvers
1015 2344 1067 2371 der
1095 2346 1253 2383 a-Strophe
1281 2350 1335 2376 mit
1359 2350 1416 2378 den
1437 2351 1501 2380 drei

176 2379 273 2403 ersten
295 2377 404 2403 Ver-sen
425 2377 475 2404 der
491 2377 658 2414 b-Strophe.
673 2379 731 2406 und
746 2380 920 2416 umgekehrt
933 2381 986 2409 der
1002 2383 1192 2412 Schlussvers
1206 2386 1258 2414 der
1273 2387 1432 2425 b-Stropbe
1447 2392 1502 2419 mit

175 2414 231 2441 den
257 2415 318 2441 drei
349 2419 445 2442 ersten
467 2416 579 2443 Versen
599 2417 651 2444 der
671 2417 828 2454 a-Strophe
848 2421 948 2454 reimt3
969 2422 1066 2449 fei-ner
1086 2425 1171 2451 weist
1190 2425 1241 2452 der
1261 2426 1428 2462 Rhythmus
1449 2430 1502 2458 der

177 2452 353 2487 a-Strophen
374 2454 535 2487 Troch‘sien,
553 2455 637 2490 jener
657 2456 708 2484 der
729 2457 908 2494 b-Strophen
929 2459 1050 2496 Iampen
1071 2461 1128 2489 auf.
