1655 2713
721 121 979 156 —152—

611 241 669 272 163.
710 242 753 273 De
774 244 882 274 sancto
903 243 1089 283 Hyacinthe.

580 332 637 364 la.
674 331 873 364 Salvatorem
899 334 1116 368 collaudemus

720 381 756 411 In
782 381 897 412 Iacinti
923 382 1087 425 laudibus,

670 427 732 459 Ore
759 428 787 460 ei
813 434 1063 470 praesentemus,

721 475 824 508 Corde
851 478 936 517 quod
962 480 1174 519 concepimus.

213 557 274 590 2a.
305 557 412 589 Mores
439 559 516 597 eius,
543 569 647 592 mores
674 561 772 604 digni,
876 563 930 597 2b.
958 566 1502 613 Quantumpotest‚quantumvalet,

306 605 415 638 Mores
438 607 585 645 quoniam
607 609 811 650 sanctissimi,
883 614 886 616 '
969 614 1105 653 Magnas
1123 616 1225 647 omnis
1239 622 1365 656 promat
1380 618 1504 661 landes,

352 653 554 686 Innotescant
581 656 738 691 omnibus.
1017 661 1076 704 Tu,
1104 663 1250 702 Polonia,
1278 666 1425 706 amplius.

209 727 268 760 3a.
300 728 384 760 Laus
410 730 449 761 sit
477 731 537 762 tibi
563 733 724 773 specialis,
872 735 934 769 3b.
966 737 1047 769 Toto
1074 739 1182 782 corde,
1210 741 1306 780 pleno
1333 751 1389 773 ore

305 776 353 808 Sit
375 786 500 818 sonora,
527 780 567 810 sit
594 782 751 820 mentalis,
966 785 1075 817 Virum
1103 787 1187 819 hunc
1213 790 1450 822 sanctissimum

349 824 397 856 Sit
424 826 580 859 iucundus
606 828 732 862 iubilus.
1013 834 1103 866 Totis
1130 836 1225 868 lauda
1253 837 1388 877 viribus,

206 901 265 931 43.
296 900 342 931 Te
367 902 419 940 qui
445 904 552 945 pavit,
582 904 672 943 fovit,
699 908 808 944 movit,
869 908 930 941 4b.
963 910 988 942 O
1014 920 1107 949 quam
1138 912 1265 955 bonum,
1291 925 1385 956 quam
1412 917 1459 949 iu—

302 948 354 979 Ad
381 949 514 982 virtutes
541 958 670 984 cunctas
696 955 767 986 tulit
1269 964 1407 995 cundum

349 996 498 1036 Depulsis
522 1001 696 1034 erroribus,
963 1005 1073 1037 Talem
1100 1006 1159 1038 fuit
1186 1009 1242 1040 tibi
1272 1011 1373 1043 virum

1010 1055 1144 1091 Audire,
1173 1057 1324 1090 Polonia!

204 1119 262 1150 5³.
297 1118 363 1149 Nec
390 1124 423 1150 tu
449 1122 515 1153 sola
543 1125 697 1163 meruisti,
867 1127 928 1161 5b.
958 1129 1020 1160 Hic
1047 1130 1216 1164 Germanis
1243 1133 1303 1165 fuit
1329 1140 1433 1178 notus,

299 1166 361 1197 Sed
388 1171 419 1198 et
444 1169 498 1200 alii
525 1171 643 1210 plures,
669 1174 756 1212 pasci
960 1177 1023 1208 Hic
1048 1179 1186 1221 Polonis,
1215 1181 1267 1212 hic
1292 1183 1455 1223 Romanis,

323 1213 436 1246 Verbis
455 1216 521 1248 eius
550 1219 706 1251 dulcibus.
1006 1225 1069 1257 Hic
1094 1227 1207 1259 vicinis
1233 1231 1373 1270 populis.

202 1295 261 1328 63.
293 1295 332 1326 [t
359 1296 449 1328 Elias
475 1308 550 1330 suae
575 1301 671 1342 plebi,
865 1305 926 1338 6b.
958 1307 1067 1339 Verbo
1094 1309 1169 1351 vita,
1198 1311 1307 1351 signis,
1336 1311 1420 1344 fama

297 1343 390 1374 Alter
416 1347 570 1387 quamvis,
597 1357 653 1379 suo
678 1351 766 1390 gregi
958 1356 1011 1386 Ad
1047 1365 1187 1388 amorem
1216 1359 1336 1390 Christi
1361 1361 1492 1393 trahens

345 1390 479 1424 Tantum
507 1396 566 1425 iste
591 1395 722 1439 profuit,
1006 1402 1132 1434 Sanctis
1159 1406 1224 1437 suis
1250 1407 1402 1441 moribus.

200 1471 216 1501 7
232 1478 259 1502 a.
291 1471 418 1504 Laudes
445 1482 520 1514 ergo
546 1480 634 1508 tanto
660 1477 738 1520 viro,
862 1481 923 1515 7b.
956 1482 1174 1523 Deprecantes
1200 1496 1282 1526 genu
1308 1488 1381 1520 flexi

294 1519 420 1551 Laudes
448 1521 557 1554 demus
584 1524 681 1558 corde
706 1535 787 1565 puro
957 1531 1075 1563 Verum
1103 1533 1203 1565 Deum
1230 1536 1299 1568 miti
1328 1537 1426 1580 vultu,

340 1569 388 1598 Ac
414 1569 547 1602 sinceris
574 1572 744 1606 mentibus.
1005 1580 1107 1612 Huius
1134 1583 1235 1614 sancti
1261 1585 1410 1624 precibus

517 1659 548 1691 8.
582 1659 623 1691 Ut
649 1663 723 1698 post
748 1665 880 1693 mortem
907 1668 975 1695 tuto
1001 1670 1095 1704 portu

579 1706 645 1737 Nos
671 1708 804 1740 reducat
829 1714 860 1741 et
887 1712 1044 1744 conducat

627 1754 680 1786 Ad
706 1764 846 1794 perenne
872 1759 950 1790 caeli
978 1769 1121 1801 regnum.

243 1831 325 1858 Miss.
349 1833 542 1862 Cracoviense
569 1847 637 1873 imp.
659 1839 819 1868 Cracoviae
850 1840 930 1870 1545.
958 1859 992 1864 -
1022 1844 1082 1877 71).
1111 1846 1129 1874 3
1159 1850 1235 1877 steht
1257 1851 1331 1878 nat-h
1355 1852 1388 1882 S.
1417 1853 1435 1880 3
1458 1864 1486 1881 u.

170 1868 260 1896 bildet
291 1879 323 1897 so
354 1871 409 1898 den
431 1873 546 1901 schluss
568 1875 619 1902 der
638 1885 676 1903 an
701 1879 925 1908 Unebenheiteu
947 1883 1014 1910 sehr
1035 1885 1152 1913 reichen
1174 1888 1318 1924 Sequenz.
1348 1905 1384 1910 —
1412 1892 1484 1920 Ent—

170 1906 335 1944 lehnungen
357 1918 409 1937 aus
433 1912 552 1945 „Lauda
574 1914 662 1941 Sion“
687 1917 826 1953 springen
847 1920 878 1946 in
898 1920 946 1948 die
967 1922 1078 1957 Augen.

586 2045 646 2076 164.
688 2047 729 2078 Do
750 2056 773 2078 s.
795 2049 911 2082 Jacobo
934 2052 1061 2085 Maiore.

191 2129 248 2162 la,
279 2129 390 2170 Surge,
418 2132 505 2174 Sion,
532 2133 718 2175 iucundam,
853 2141 913 2175 1b.
945 2142 989 2174 Et
1015 2146 1165 2178 convivas
1191 2151 1387 2194 exemplare,

285 2177 364 2209 Vide
390 2189 542 2220 mensam,
568 2184 735 2223 speculare
946 2190 1047 2232 Regni
1073 2193 1175 2234 dapes
1200 2198 1373 2234 admirare.

330 2226 474 2260 Caeleste
500 2231 688 2269 convivium,
995 2241 1099 2273 Iesum
1126 2242 1187 2275 Dei
1213 2244 1325 2281 filium.

185 2310 245 2344 2a.
278 2311 405 2345 Christo
436 2315 504 2356 regi
530 2317 582 2356 qui
609 2319 789 2362 convivam,
851 2323 914 2358 2b.
943 2326 1036 2358 Calix
1053 2327 1184 2369 Christi,
1211 2334 1340 2374 sanguis
1363 2345 1481 2379 merus,

280 2360 401 2392 Horum
416 2366 789 2411 est‚utsemperbibant⁷
946 2374 1030 2406 Caro
1056 2377 1139 2418 Iesu,
1167 2378 1256 2412 cibus
1283 2391 1387 2424 verus,

327 2409 425 2442 Potus
452 2416 482 2443 et
509 2413 667 2455 edulium;
995 2423 1088 2456 Vitae
1115 2425 1191 2458 dant
1218 2428 1408 2466 subsidium.
