1655 2713
633 144 891 179 —155—

467 284 527 315 167.
572 285 616 316 De
636 293 661 316 s.
682 284 794 316 Iacobo
814 284 1082 316 Tharentasiensi.

129 373 188 407 la.
221 372 368 404 Laudum
398 375 572 414 praeconia

225 419 338 453 Solvat
367 421 509 453 celebria

272 468 383 500 Turba
409 468 536 509 fidelis;

77 572 80 580 ·
129 565 190 598 2a.
221 565 326 598 Deum
352 573 490 604 sequens
517 575 599 605 pura
625 570 742 602 mente.

225 612 343 653 Spreto
377 613 498 644 mundo
524 618 744 645 marcescente

277 661 415 700 Respuit
441 665 472 692 et
500 661 599 694 idola.

131 759 192 790 3a.
224 757 261 789 In
287 755 352 788 fide
379 757 518 788 novitius

225 804 397 836 Fortunati
423 805 529 836 socius

275 853 365 885 Viam
393 852 460 884 eius
486 853 642 893 sequitur.

136 952 196 984 4a.
228 950 306 983 Cum
335 949 485 982 draconis
511 957 709 990 oppressura

228 997 457 1030 Concremaret
484 1006 617 1037 prorsus
644 1006 720 1028 rura

273 1045 454 1078 Lirinensis
479 1045 614 1084 insulae,

130 1143 194 1174 5a.
226 1143 400 1182 Postquam
437 1142 534 1173 draco
575 1141 746 1182 disparuit,

226 1190 301 1222 Illic
327 1194 460 1230 uterque
486 1190 588 1222 voluit

272 1239 350 1278 Ipsa
375 1247 501 1279 quoque
526 1238 693 1278 provincia

273 1287 418 1319 Fundari
446 1286 652 1320 monasteria.

131 1386 194 1418 6a.
226 1385 413 1416 Honoratus

275 1433 516 1464 Arelatensium

225 1480 426 1513 Sublimatur

274 1529 317 1561 ad
343 1529 563 1569 episcopium3

131 1625 190 1659 7a.
225 1625 431 1657 Mansuetum
457 1625 542 1656 sicut
566 1633 669 1666 ovem,

227 1673 319 1714 Quod
349 1674 485 1705 donarat
503 1672 599 1704 morti
616 1672 742 1712 bovem,

277 1722 395 1755 Ursum
423 1722 605 1762 subiugavit
618 1730 626 1762 ς

136 1819 196 1852 Sa.
228 1819 352 1851 Corvus
379 1827 474 1859 quem
501 1819 632 1858 eripuit,

227 1867 372 1900 ocellum
400 1868 543 1899 restituit

276 1915 440 1948 Baiulanti
466 1916 568 1957 asino,

132 2013 194 2046 92.
226 2012 332 2044 Homo
360 2012 499 2053 simplex
524 2016 561 2044 ut
587 2011 746 2052 columba,

231 2061 269 2094 In
297 2059 443 2093 defuncti
469 2064 505 2093 ut
530 2060 586 2092 flet
611 2060 733 2100 tumba,

279 2109 462 2142 Suscitatur
487 2118 628 2151 propere
639 2118 648 2150 3

105 2206 190 2241 loa.
224 2206 292 2239 Nos
317 2206 483 2239 imitantes
510 2205 663 2239 Iacobum

226 2256 404 2288 Vincamus
414 2255 537 2288 hostem
549 2253 744 2295 improbum,

832 375 898 408 lb.

829 566 891 598 2b.

829 757 890 791 3b.

830 949 891 981 4b.

831 1121 893 1174 sb.

830 1383 894 1417 6b.

833 1817 896 1852 8b.

835 2011 898 2046 (db.

806 2205 850 2238 10
862 2204 894 2239 b.

931 375 1066 407 Iacobus
1093 375 1194 416 gloria

925 423 1042 464 Fulget
1069 423 1186 454 eximia

973 472 1123 513 Regnans
1149 471 1182 502 in
1209 471 1319 503 caelis.

927 568 1129 607 Paganorum
1157 572 1267 606 spreta
1293 572 1386 607 gente

926 615 1115 654 Baptizatus
1143 620 1191 646 est
1218 619 1351 656 repente

972 663 1116 694 Devotus
1144 663 1280 695 deicola.

923 758 994 789 Non
1022 762 1092 790 erat
1118 763 1194 790 tunc
1221 759 1304 790 alius

925 806 1045 837 Vivens
1072 815 1109 837 eo
1137 807 1258 844 durius,

970 854 1018 886 Ob
1046 854 1106 885 hoc
1133 864 1195 886 non
1224 855 1393 886 deseritur.

927 949 1003 980 Fuit
1029 949 1057 980 ei
1085 950 1196 989 ingens
1219 959 1295 981 cura

928 998 1107 1029 Removere
1134 1007 1230 1036 prece
1259 1007 1339 1037 pura

976 1046 1101 1077 Pestem
1134 1046 1246 1077 mortis
1285 1047 1439 1079 aemulae.

925 1142 1158 1173 Monachorum
1185 1142 1227 1173 ad
1255 1142 1399 1181 regulam

927 1190 1127 1222 Convertunt
1153 1191 1261 1221 statim
1286 1190 1440 1232 insulam3

971 1239 1173 1270 Arelatensis
1200 1238 1337 1270 moritur

969 1287 1115 1325 Praesul,
1142 1287 1225 1318 alter
1254 1287 1393 1327 eligitur.

926 1384 1132 1416 Cendronitis

974 1433 1109 1464 Iacobus
1136 1431 1288 1472 praefuit,

928 1480 991 1514 Ubi
1019 1481 1118 1520 signis

976 1537 1146 1560 coruscans
1173 1527 1291 1561 floruit.

924 1625 998 1663 Ipse
1024 1624 1082 1655 Dei
1109 1623 1151 1655 ad
1179 1623 1330 1654 honorem

931 1672 1077 1711 Quinque
1091 1672 1191 1711 pedes
1202 1675 1314 1702 contra
1322 1680 1442 1702 morem

974 1720 1112 1752 Trabern
1139 1719 1367 1760 augmentavit.

927 1818 969 1849 Et
997 1818 1072 1849 dum
1099 1817 1146 1849 sol
1173 1816 1316 1854 incaluit,

928 1866 1019 1905 Quod
1046 1870 1122 1897 tunc
1149 1865 1203 1897 nix
1230 1865 1385 1905 induruit,

976 1914 1111 1946 Factum
1138 1919 1184 1945 est
1212 1923 1231 1945 a
1261 1913 1407 1945 Domino.

929 2011 991 2044 Die
1016 2014 1131 2051 quarta
1159 2011 1331 2042 suscitatus

928 2059 990 2092 Est
1016 2060 1204 2100 magistrum
1230 2059 1373 2090 imitatus

979 2109 1094 2142 Statim
1121 2109 1152 2139 in
1179 2107 1306 2139 itinere.

926 2205 970 2238 Ut
997 2205 1093 2245 digne
1118 2214 1179 2244 pro
1207 2205 1342 2235 victoria

926 2253 1014 2286 Caeli
1042 2252 1187 2284 fruamur
1212 2252 1325 2292 gloria.

184 2351 270 2379 Miss.
302 2360 355 2379 ms.
385 2350 639 2379 Tharentasiense
671 2357 748 2376 saec.
783 2346 827 2375 15.
856 2348 927 2376 Cod.
956 2348 1083 2375 Parisin.
1117 2345 1202 2374 8889.
1231 2347 1264 2374 Α.
1293 2362 1331 2366 -
1357 2348 1443 2374 Miss.

107 2390 362 2419 Tharentasiense
390 2391 461 2426 imp.
488 2398 511 2416 s.
538 2389 558 2416 l.
586 2391 616 2416 et
642 2396 668 2415 a.
696 2385 850 2423 [Lugduni
880 2384 975 2423 1520}
998 2387 1031 2413 B.
1053 2400 1087 2404 —
1112 2384 1174 2419 2a,
1202 2383 1220 2412 2
1248 2391 1443 2414 niarcessente

105 2430 141 2458 A.
162 2445 202 2449 —
220 2428 288 2463 4a,
313 2427 332 2456 2
360 2430 428 2457 iura
448 2429 482 2456 B.
505 2442 543 2448 —
563 2426 629 2460 4b,
657 2424 676 2454 3
702 2425 837 2454 mortalis
857 2426 893 2453 A.
914 2440 952 2444 —
973 2424 1036 2457 6a,
1065 2423 1084 2451 4
1105 2433 1123 2451 a
1144 2425 1316 2461 episcopum
1340 2426 1380 2458 A,
1407 2425 1443 2452 ad

106 2470 281 2506 episcopum
297 2469 336 2496 B.
355 2483 395 2489 —
415 2466 472 2502 612,
498 2466 512 2495 1
535 2466 731 2494 Ceudronicis
752 2465 786 2492 A.
807 2478 846 2483 —
867 2463 923 2498 9a,
944 2462 962 2491 2
983 2464 1052 2491 dum
1073 2464 1123 2491 flet
1144 2464 1177 2490 B.
