1655 2713
733 171 994 206 —228—

639 297 707 328 255.
748 295 790 326 De
811 294 919 326 saneto
942 291 1079 324 Nicolao.

605 390 635 420 1.
663 385 789 419 Nicolai
813 384 928 425 Myrae
954 381 1068 415 laudes

663 435 809 466 intonant
835 430 1014 465 christiani.

235 537 295 568 2a.
326 535 436 573 Agnus
462 532 595 563 nutrivit
621 539 706 570 oves,
917 525 978 558 2b.
1010 525 1080 557 Vox
1107 524 1227 556 caelica
1251 522 1431 563 praesulem

329 581 378 613 bis
403 582 434 612 in
461 579 594 611 sabbato
621 578 708 609 cuius
1013 572 1172 605 nuntiavit
1196 570 1362 609 mirand03

328 630 411 661 lacte
436 627 608 666 ieiunavit;
1013 619 1119 652 infans
1144 618 1328 651 bullonibus

329 687 347 708 ο
371 677 452 707 mira
478 676 546 706 res!
1012 673 1119 700 manet
1145 667 1247 700 vivus.

233 775 292 807 3a.
323 773 384 805 Dic
409 771 510 810 nobis,
542 770 659 811 navita,
917 765 979 800 3b.
1012 765 1130 798 Clerici
1156 767 1229 796 sunt
1254 766 1353 794 testes

329 820 405 860 quid
432 819 507 850 fecit
533 827 591 859 per
616 815 740 849 maria?
1013 817 1044 845 et
1070 813 1196 852 puellae
1221 820 1283 843 non
1310 811 1429 843 tristes,

328 868 381 900 Ad
406 871 531 907 portum
557 865 677 905 absque
703 864 797 895 remis
1011 860 1176 894 Succurrit
1200 859 1264 890 suis
1291 867 1364 898 spes
1390 860 1518 898 nostra;

326 916 378 947 hic
402 919 449 946 est
475 913 631 953 refugium
1013 913 1180 949 promptus
1207 911 1255 938 est
1283 907 1316 938 in
1341 906 1421 938 mari

329 966 460 994 cunctae
486 961 599 1001 gentis.
1013 960 1045 988 et
1069 957 1101 987 in
1127 960 1224 988 terra.

236 1061 298 1091 4a.
329 1057 439 1090 Credit
467 1057 572 1088 verius
597 1055 666 1087 Deo
692 1055 750 1086 soli
865 1072 869 1078 ·
922 1053 985 1087 4b.
1017 1053 1139 1084 Scimus
1165 1051 1274 1083 tumba
1301 1049 1452 1091 defluere,

380 1104 492 1136 baculo
519 1102 627 1134 fallaci
1065 1100 1149 1140 quod
1175 1099 1322 1130 medetur
1346 1106 1432 1131 vere.

331 1153 374 1184 Et
399 1160 539 1191 paganus
1015 1149 1051 1180 In
1077 1148 1184 1188 gestis,
1209 1147 1348 1184 Christe,

381 1198 512 1231 custode
538 1197 655 1231 veraci.
842 1198 845 1200 ’
1065 1195 1165 1226 nostri
1190 1194 1352 1225 miserere.

291 1293 374 1320 Miss.
388 1293 583 1319 Noviomense
596 1292 665 1325 imp.
673 1291 849 1326 Rothomagi
862 1287 943 1317 1506.
952 1288 1135 1316 —Melodiffl
1147 1288 1173 1315 V
1182 1289 1233 1315 iet
1242 1289 1250 1314 i
1259 1296 1287 1313 m
1295 1295 1312 1314 a
1320 1296 1335 1314 e
1347 1295 1389 1322 pa
1399 1286 1461 1314 sch
1469 1286 1532 1314 ali.

659 1421 724 1451 256.
765 1421 807 1452 De
829 1422 939 1451 saneta
959 1419 1090 1450 odrada.

561 1512 590 1542 1.
619 1510 768 1543 Odradae
793 1510 969 1541 recolentes
997 1509 1108 1541 laudes

616 1559 775 1590 imitemur
800 1558 965 1598 virginem.

241 1658 299 1687 221.
332 1655 459 1687 Servire
926 1652 987 1684 2b.
1020 1652 1198 1684 Laudando

334 1702 403 1734 Deo
429 1701 516 1733 vovit
541 1702 634 1732 annis
1022 1703 1206 1740 contemptu
1231 1704 1378 1732 terrenas

336 1750 522 1790 puerilibus,
1023 1748 1145 1788 sprevit
1170 1748 1309 1788 nuptiaS.

245 1847 304 1878 3a.
336 1845 478 1877 Gloriam
504 1845 697 1877 mundanam
930 1844 992 1878 3b.
1024 1844 1188 1877 Puellares
1213 1844 1300 1876 iocos

337 1893 512 1933 prudenter
1024 1892 1183 1931 devitans,

338 1941 527 1981 contempsit
554 1940 783 1981 transitoriam,
1023 1949 1120 1980 genus
1146 1943 1318 1971 venustans
1343 1940 1496 1973 moribus.

241 2040 302 2071 4a.
333 2038 506 2070 Memorias
533 2037 659 2069 visebat
928 2036 991 2070 4b.
1023 2037 1146 2069 Ieiunia
1171 2035 1378 2077 frequentans

338 2090 517 2117 sanctorum
1024 2083 1165 2125 profusis

338 2143 433 2174 saepe
459 2139 564 2165 terens
591 2136 623 2164 et
648 2142 753 2173 orans,
1024 2133 1066 2164 ad
1093 2133 1204 2172 inopes
1231 2132 1388 2166 manibus,

244 2231 304 2264 52.
334 2228 510 2261 Fertilibus
537 2233 663 2270 tempus
928 2228 989 2262 5b.
1026 2228 1169 2261 Gloriam
1196 2229 1356 2261 internam

339 2277 484 2309 distinxit
510 2277 685 2316 laboribus,
1023 2277 1149 2309 ornavit
1175 2277 1315 2310 sollicita

338 2325 472 2365 Antiqui
497 2325 657 2366 serpentis
1023 2325 1154 2357 Habere
1179 2334 1363 2368 supernam,

337 2382 531 2413 praecavens
1024 2376 1138 2414 parata

338 2422 482 2461 astutias,
510 2421 631 2453 nullum
756 2423 760 2427 ’
1024 2421 1175 2462 lampade
1201 2426 1389 2462 exspectare

340 2468 520 2501 faciendum
545 2469 738 2509 relinquens,
1026 2470 1206 2503 venientem
1233 2480 1395 2511 sponsum.
