1655 2713
729 173 986 209 -170-

229 279 286 312 72.
318 278 410 311 Nunc
436 277 570 309 laureati
596 274 719 315 pariter
913 269 972 303 7b.
1007 268 1100 300 Nunc
1134 267 1168 299 in
1200 266 1360 298 caelorum
1389 262 1522 297 sedibus

321 327 410 358 hoste
437 325 561 356 devicto
1009 315 1106 348 locati
1132 324 1203 347 cum

321 373 504 405 taeterrimo
1009 363 1171 396 caelicolis
1226 366 1229 367 ’

321 430 379 461 per
404 429 510 452 ensem
1010 411 1160 444 fruuntur

321 473 391 500 sunt
418 467 526 507 adepti
554 466 703 506 palmam.
1013 460 1147 492 emerita
1170 459 1283 499 gloria.

227 545 285 578 Sa.
315 545 380 576 Iam
408 552 545 583 superno
571 541 686 581 repleti
713 548 829 572 manna
913 537 974 572 8b.
1006 537 1304 570 Utomnesvestrae
1315 533 1522 575 paternitatis

319 601 355 623 ac
381 591 553 623 immortali
579 589 661 622 stola
1008 593 1103 625 prece
1129 588 1224 624 atque
1249 587 1363 624 rogatu

320 639 505 679 praecincti,
1007 632 1111 665 adjuti

320 687 517 719 servulorum
543 693 656 725 preces
1011 681 1136 712 delictis
1163 679 1235 711 exui

322 734 445 766 deferte
471 733 512 765 ad
538 733 598 765 Dei
1009 737 1188 760 mereamur
1211 727 1335 758 cunctis

322 783 423 822 patris
451 782 595 813 dextram
1010 777 1097 817 apud
1123 776 1224 815 illum,

321 830 446 862 Christo
473 829 596 860 sedenti
1013 824 1065 864 qui
1092 829 1179 855 caret
1205 823 1291 854 omni

320 881 392 909 ante
419 877 534 909 saecla.
1013 872 1140 905 delicto.

224 956 282 987 9a.
315 954 340 986 Ο
367 954 462 993 digna
488 953 547 984 Dei
574 956 726 992 potestas,
915 949 978 983 9b.
1011 949 1078 981 Nos
1105 948 1246 988 guberna
1272 956 1331 987 per
1356 946 1473 988 saecla,

320 1010 399 1041 quae
425 1010 458 1032 es
485 1005 665 1031 sanctorum
693 1000 760 1030 sola
1007 1001 1041 1028 ut
1067 996 1153 1035 iugia
1181 995 1268 1035 digni

322 1049 464 1088 perpetis
491 1048 680 1087 triumphus,
1011 1045 1173 1084 capiamus
1199 1043 1342 1083 praemia

206 1127 285 1158 lOa.
316 1127 422 1164 Atque
447 1124 523 1154 laeti
893 1123 936 1154 10
948 1121 981 1154 b.
1012 1121 1090 1154 Cum
1115 1119 1230 1159 quibus

324 1172 506 1211 angelorum
1013 1168 1045 1199 in
1068 1168 1227 1199 caelorum

325 1221 492 1259 iungamur
519 1219 661 1259 collegio,
1012 1224 1195 1247 maneamus
1221 1215 1306 1254 aula,

565 1295 619 1326 11.
650 1295 685 1325 ln
711 1303 772 1333 qua
800 1293 947 1325 Christus
973 1296 1085 1331 regnat

651 1342 736 1372 solus
764 1346 877 1372 cuncta
902 1349 960 1380 per
987 1339 1123 1371 saecula.

284 1418 444 1444 Collectan.
472 1426 524 1443 ms.
550 1417 753 1443 Placentinum
785 1424 860 1443 saec.
891 1414 963 1442 ¹²s18.
992 1414 1062 1442 Cod.
1090 1416 1186 1449 Capit.
1213 1414 1375 1441 Placentin.
1403 1412 1451 1441 65.
1485 1428 1521 1432 —

207 1457 262 1483 Mit
284 1455 420 1487 Melodie,
442 1455 530 1482 deren
552 1456 667 1491 Anfang
687 1454 783 1490 gleich
804 1455 843 1480 ist
861 1453 944 1488 jener
965 1462 1022 1480 von
1043 1453 1129 1479 Anal.
1152 1453 1260 1488 Hymn.
1283 1454 1319 1484 X,
1345 1453 1395 1480 Nr.
1418 1450 1460 1479 18.
1483 1468 1522 1472 -

203 1493 220 1522 6
233 1495 259 1526 b,
283 1493 298 1520 ’7
321 1495 495 1528 passionem.
518 1507 553 1511 —
574 1491 589 1518 7
603 1502 628 1525 a,
651 1492 668 1520 4
687 1491 867 1528 perhensem.
890 1507 926 1511 —
947 1490 964 1519 8
977 1500 1002 1525 a,
1024 1490 1041 1519 6
1064 1491 1222 1518 dexteram.
1239 1506 1276 1509 —
1291 1490 1441 1518 Abschrift
1462 1499 1521 1517 von

204 1534 274 1559 Rev.
297 1533 334 1559 H.
356 1532 395 1558 M.
417 1532 584 1558 Bannister.

566 1671 624 1702 185.
669 1671 709 1702 De
730 1679 770 1701 ss.
792 1670 913 1702 Iustina
935 1672 966 1701 et
987 1669 1148 1710 cypriano.

228 1762 287 1794 la.
323 1761 539 1793 Ascendamus
564 1761 606 1792 ad
634 1761 810 1800 honestum,
918 1760 979 1792 lb.
1011 1761 1108 1793 Cuius
1134 1761 1199 1792 vita
1225 1761 1374 1801 gloriosa,

323 1809 348 1840 Ο
376 1809 496 1846 dilecti,
522 1809 605 1840 diem
630 1807 747 1839 festum
1012 1808 1107 1841 Cuius
1132 1818 1218 1841 mors
1244 1812 1293 1840 est
1318 1808 1462 1849 pretiosa

370 1856 464 1887 Hunc
490 1856 630 1888 Iustinae
654 1856 796 1896 virginis,
1057 1857 1095 1888 In
1122 1860 1294 1897 conspeetu
1318 1856 1467 1891 numinis.

230 1933 288 1966 22..
321 1932 413 1964 Dona
439 1941 594 1972 quaerens
620 1932 755 1973 potiora,
920 1932 980 1965 2b.
1015 1933 1087 1964 Vita
1114 1933 1194 1964 vixit
1221 1934 1416 1976 angelorum,

323 1980 420 2020 Virgo
445 1980 587 2020 prudens
614 1983 646 2011 et
673 1980 799 2018 decora,
1012 1981 1111 2012 Modo
1133 1985 1221 2013 tenet
1246 1982 1368 2015 Christi
1393 1983 1524 2015 thorum

369 2028 501 2059 Hedesii
526 2027 603 2066 filia,
1061 2030 1098 2061 In
1125 2030 1255 2061 caelesti
1281 2031 1398 2070 patria.

228 2105 288 2136 3a.
320 2104 408 2136 Haec
434 2104 554 2137 Christi
581 2105 716 2144 gratiani
917 2104 981 2138 3b.
1013 2106 1111 2138 Pater
1136 2106 1175 2137 ab
1202 2108 1324 2147 angelis

370 2153 504 2184 Discens
528 2161 587 2192 per
612 2152 768 2192 proelium
1060 2154 1103 2185 Et
1130 2154 1259 2186 Christo
1280 2156 1429 2196 monitus,

324 2200 461 2232 Matrem
488 2200 653 2233 Cleoniam
1013 2202 1075 2233 Per
1100 2211 1227 2234 manum
1254 2204 1412 2243 praesulis

373 2249 471 2280 Vocat
497 2248 539 2280 ad
566 2247 677 2280 filium.
1059 2249 1185 2283 Sanctis
1212 2256 1261 2282 est
1283 2252 1426 2286 additus.

225 2327 284 2357 4a.
317 2325 394 2356 Post
412 2322 494 2356 haee
510 2324 664 2364 templum
681 2323 828 2364 frequen·
913 2325 979 2359 4b.
1013 2325 1162 2358 Sanctam
1189 2328 1270 2368 petit
1295 2330 1329 2360 in
1355 2339 1487 2363 uxorem

543 2376 638 2410 tatur,
1010 2373 1074 2406 Sed
1098 2376 1140 2407 ad
1165 2376 1228 2407 vim
1256 2381 1288 2408 et
1313 2378 1354 2410 ad
1381 2377 1526 2412 furorem

320 2421 372 2454 Sic
400 2431 419 2453 a
442 2421 530 2461 turpi
554 2420 723 2452 adamatur
1057 2423 1190 2456 Restitit
1215 2425 1365 2462 viriliter.

365 2469 504 2510 Agladio
529 2469 668 2509 turpiter
678 2480 695 2509 ;⁷
