1655 2713
651 185 696 190 —
747 167 816 202 213
864 185 913 190 —

138 255 200 287 4a.
233 256 314 289 Esto
339 262 450 291 noster
475 262 668 303 speculator,
810 263 873 298 4b.
902 263 969 297 Nos
995 264 1152 297 invadunt
1178 264 1241 296 iam
1265 265 1410 308 rapinae,

235 304 324 337 Caeli
351 307 428 347 vigil
455 311 701 352 contemplator,
906 312 991 352 Lupi
1017 315 1151 352 regnant
1177 312 1209 344 in
1236 312 1296 344 hoc
1321 314 1393 355 tine,

234 352 354 386 Trinae
381 357 493 388 mortis
520 358 702 399 suscitator,
907 360 1005 392 Pater
1030 363 1148 398 noster,
1177 369 1195 392 0
1220 360 1371 401 Martiae,

281 401 359 434 Tria
385 411 461 436 cura
488 406 622 439 scelera.
954 407 1020 439 Nos
1045 417 1064 439 a
1089 408 1173 440 malo
1200 408 1313 443 libera

187 495 280 531 Antip
282 496 309 523 h.
330 500 359 524 et
374 498 464 526 Grad.
486 509 538 527 ms.
555 502 739 529 Nivernense
764 510 840 529 saec.
864 500 907 529 12.
923 502 993 530 Cod.
1007 503 1134 529 Parisiu.
1150 503 1245 530 Nouv.
1268 512 1320 540 aeq
1325 503 1444 534 .12.“ἑ5.

113 533 179 561 add.
201 542 277 561 saec.
306 534 348 562 14.
371 551 404 555 -—
431 536 483 570 lb
505 536 522 565 2
544 539 623 567 laeti.
646 555 683 558 —
703 538 762 573 21),
783 539 934 568 4orificii.
955 555 992 558 —
1013 539 1202 572 4b,11{0s.

552 700 617 731 236.
660 700 702 731 De
725 702 832 731 sancto
855 701 1001 732 lllartino.

134 796 191 830 1a.
224 796 336 830 Nostri
363 800 466 839 patris
493 803 523 831 et
549 800 688 840 pastoris
806 800 867 834 1b.
899 802 959 841 Qui
986 803 1122 834 carnalis
1150 811 1266 847 expers
1290 805 1382 836 molis

228 845 281 877 Ad
307 847 460 880 honorem
488 853 577 880 sonet
605 848 669 880 oris
900 850 1031 882 Vultum
1059 851 1146 882 videt
1175 854 1242 884 veri
1267 853 1355 891 solis.v

274 893 316 926 Et
344 896 452 928 cordis
478 896 627 935 melodia,
948 898 1001 930 Sol
1029 899 1112 930 alter
1137 900 1169 931 in
1196 901 1313 940 patria.

131 990 190 1022 2a.
222 990 320 1022 Pater
345 991 408 1031 pie,
435 991 572 1024 filiorum
803 993 864 1026 2b.
899 993 980 1025 Nam
1007 995 1125 1026 invasit
1151 996 1245 1036 lupus
1270 1006 1417 1038 gregen13

226 1038 384 1070 Miserere
411 1039 637 1080 depressorum
901 1041 1018 1082 Gregis
1045 1047 1165 1083 pastor,
1195 1045 1261 1084 lupi
1291 1045 1391 1085 legem

274 1087 393 1119 Adhuc
420 1089 526 1120 carnis
550 1090 688 1122 sarcina.
947 1092 975 1122 A
1003 1092 1095 1124 nobis
1121 1092 1261 1124 elimina.

129 1183 191 1217 32.
224 1182 323 1215 Sacro
350 1182 438 1216 fonte
463 1185 603 1217 nondum
629 1185 713 1218 lotus
800 1188 819 1219 3
832 1185 862 1218 b.
895 1186 1033 1228 Gregem
1060 1197 1152 1220 sacro
1179 1187 1267 1221 fonte
1294 1190 1392 1222 lotum

223 1231 367 1264 Caritate
394 1231 523 1265 fervens
550 1238 647 1274 totus,
895 1235 961 1267 Fac
988 1235 1177 1269 ferventem.
1207 1236 1257 1269 fac
1284 1238 1434 1271 devotum

272 1280 364 1320 Quod
390 1281 510 1321 probas
537 1282 567 1313 in
595 1282 704 1324 pallio,
944 1285 981 1316 In
1009 1288 1063 1316 tuo
1090 1286 1233 1318 servitio.

125 1377 187 1409 4a.
223 1376 342 1408 Trinae
369 1377 474 1409 cultor
500 1378 665 1413 trinitatis,
799 1378 863 1414 4b.
894 1379 943 1411 Ne
970 1390 1047 1421 grex
1074 1382 1165 1422 lepra
1191 1383 1231 1414 sit
1259 1383 1399 1422 pollutus

223 1425 362 1465 Lepram
390 1435 517 1464 sanans,
544 1427 692 1458 sanitatis
893 1429 1102 1461 Peccatorum
1131 1431 1180 1462 vel
1207 1431 1358 1470 imbutus,

270 1474 389 1506 Munus
415 1474 503 1514 gregi
530 1474 646 1516 tribue,
942 1477 1080 1517 Lepram
1109 1479 1223 1510 mentis
1251 1479 1348 1512 dilue.

124 1571 184 1603 5a.
218 1569 398 1602 Suscitator
423 1574 632 1613 mortuorum,
796 1572 858 1606 5b.
891 1574 935 1607 Ut
962 1578 994 1605 te
1021 1574 1101 1606 duce
1127 1575 1173 1606 sic
1200 1584 1359 1616 regamur,

219 1617 287 1650 Nos
315 1618 355 1650 de
381 1622 484 1651 morte
511 1619 660 1652 vitiorum
891 1622 982 1661 Quod
995 1627 1211 1662 postmortem
1220 1623 1430 1663 perfruamur

270 1667 363 1699 Vitae
389 1667 573 1708 reconcilia,
942 1671 1120 1703 Immortali
1147 1672 1260 1711 gloria.

173 1762 257 1790 Miss.
286 1772 338 1790 ms.
368 1763 396 1791 S.
426 1763 547 1791 Martini
574 1765 758 1792 Turonensis
787 1774 863 1793 saec.
894 1764 937 1793 15.
964 1766 1035 1794 cml.
1066 1768 1212 1795 Turonen.
1242 1767 1305 1795 195.
1332 1770 1365 1797 Α.
1395 1784 1432 1789 —·

95 1801 179 1828 Miss.
207 1802 237 1828 S.
265 1802 388 1829 Martini
417 1802 541 1829 Maioris
568 1804 743 1831 Monasterii
771 1805 841 1840 imp.
868 1805 1037 1833 Turoniliusv
1068 1805 1149 1834 1503.
1181 1808 1211 1834 B.
1235 1822 1273 1826 —
1293 1809 1377 1836 Miss.
1399 1809 1429 1835 S.

95 1840 218 1867 Martini
240 1840 422 1868 Turonensis
447 1843 515 1877 imp.
537 1842 663 1869 Parisiis
688 1841 771 1870 1529.
793 1844 825 1871 C.
847 1858 882 1861 —
907 1842 959 1876 la,
982 1842 999 1871 3
1021 1845 1055 1872 111
1077 1846 1173 1872 cordis
1197 1846 1254 1873 AC.
1276 1861 1313 1865 —-
1331 1847 1348 1874 3
1364 1856 1389 1880 a,
1412 1846 1431 1873 3

95 1879 179 1913 Quae
200 1879 259 1908 Ac.
281 1894 318 1898 —
339 1877 396 1912 3b,
418 1878 436 1907 2
457 1880 617 1908 ferventem
642 1884 671 1909 et
693 1881 832 1910 devotum
854 1883 887 1910 Β.
910 1898 946 1901 —-
968 1882 1024 1915 4a,
1047 1883 1064 1911 2
1086 1894 1157 1911 sana
1182 1885 1238 1913 AC.

536 2042 602 2075 237.
645 2043 687 2074 De
709 2045 818 2076 sancto
840 2045 985 2077 Mar-tino.

119 2142 179 2177 la.
210 2143 341 2183 Pauper
366 2144 496 2183 mundo,
524 2144 614 2176 dives
640 2145 730 2178 caelo
795 2145 854 2180 lb.
887 2145 983 2178 Cuius
1011 2147 1112 2179 virtus
1139 2148 1261 2187 lepram
1289 2149 1357 2181 solo

262 2191 416 2233 Migravit
442 2202 462 2225 a
485 2192 624 2233 saeculo,
936 2194 1069 2227 Sanavit
1095 2196 1127 2227 in
1154 2196 1272 2229 osculo.

118 2287 178 2320 22.
208 2287 306 2321 Cuius
331 2289 429 2321 vitam
459 2289 624 2322 decoravit
789 2289 852 2324 2b.
884 2290 982 2323 Cuius
1009 2291 1096 2323 Deus
1123 2291 1305 2333 subiugavit

258 2336 448 2369 Morborum
474 2338 618 2379 curati03
934 2339 1114 2372 Daemones
1140 2340 1286 2380 imperio.

116 2433 180 2466 3a.
210 2431 307 2466 Cuius
333 2433 483 2467 Christus
510 2434 691 2467 declaravit
791 2434 855 2470 3b.
885 2435 982 2469 Cuius
1008 2440 1074 2468 tres
1101 2437 1305 2470 resuscitavit

259 2482 301 2515 Se
326 2483 477 2516 vestitum
504 2483 621 2530 palli03
934 2485 1081 2517 Mortuos
1109 2485 1224 2519 oratio.
