1655 2713
701 171 961 206 —104—

202 267 264 297 5a.
295 265 504 304 Rotomagum
532 267 689 308 visitatur,
890 268 952 302 5b.
983 268 1101 302 Sancto
1126 279 1239 310 preces
1265 271 1459 313 effundente,

298 313 348 345 De
375 313 468 345 feodo
495 315 701 354 disceptatur,
985 316 1053 349 Deo
1079 318 1172 350 sedes
1198 323 1374 359 evertente,

298 361 451 393 Iudicium
479 363 673 397 retardatur.
983 364 1091 397 Ruunt
1118 370 1323 400 consternata
1349 372 1466 411 mente,

299 408 361 440 Sed
389 409 553 441 confestim
578 410 804 450 comprobatur
982 412 1036 444 Sic
1061 413 1216 447 luduntur
1241 419 1271 447 et
1297 420 1440 460 repente,

344 458 444 496 Iniqui
471 457 633 490 iudicium.
1029 461 1090 493 Dei
1115 463 1332 502 providentia.

198 538 259 568 fia.
292 537 328 568 In
356 537 461 568 Frisia
487 543 692 570 conversatus
885 541 947 574 6b.
980 541 1388 586 Servusmissussceptrum
1399 548 1494 589 gerit,

294 585 395 615 Audit
422 585 518 617 duros
543 586 683 618 ululatus
981 591 1116 630 Sc'eptro
1142 593 1226 632 regis
1253 593 1395 627 claustra
1413 594 1492 628 ferit

295 632 513 672 Captivorum,
540 643 618 674 quos
644 635 760 675 ligatus
980 638 1024 670 Et
1050 640 1194 680 captivos
1221 649 1293 672 mox
1320 642 1425 685 eiecit,

291 679 383 711 Ferri
409 681 536 720 stringit
563 682 743 722 duplicatus
980 686 1119 726 Quisque
1130 687 1256 720 domum
1268 698 1355 721 suam
1363 691 1489 731 quaerit

340 727 383 758 Et
409 727 502 759 famis
528 730 684 769 angustia.
1030 734 1108 766 Cum
1136 745 1250 776 magna
1277 737 1410 772 laetitia.

199 807 257 840 7a.
288 808 355 840 Rex
384 809 491 840 venari
518 811 648 850 cupiens
882 813 942 846 7b.
976 814 1056 846 Dum
1085 822 1241 848 venantur
1266 819 1397 857 servuli,

291 855 407 887 Silvam
435 858 515 896 petit
541 859 699 900 gradiens,
976 863 1070 894 quta
1097 866 1198 904 ripam
1226 866 1322 897 rivuli

338 904 423 942 Quae
450 910 582 936 vocatur
608 907 738 946 Vipria;
1025 911 1144 943 Tendit
1169 921 1226 945 rex
1251 914 1292 945 ad
1319 916 1454 948 somnia.

196 983 258 1016 8a.
290 983 473 1016 Dormitans
498 986 530 1017 in
557 986 688 1018 latebris
881 989 943 1022 8b.
973 991 1096 1023 Audito
1119 991 1236 1025 filiolus

292 1031 420 1063 Caelum
448 1033 544 1071 videt,
573 1034 706 1066 celebris
975 1038 1102 1070 Somnio
1128 1041 1303 1073 malevolus

334 1080 385 1111 Ad
413 1081 496 1119 quod
523 1081 569 1112 ire
595 1082 726 1124 nititur;
1019 1087 1109 1119 Vano
1135 1088 1224 1120 lucro
1252 1089 1385 1122 fallitur.

194 1159 255 1191 9a.
289 1159 382 1191 Hunc
407 1165 476 1192 orat
502 1171 561 1201 pro
585 1163 692 1201 requie
879 1165 940 1198 9b.
974 1168 1050 1199 Mox
1076 1174 1206 1208 arrepto
1231 1170 1341 1210 gladio

292 1207 500 1247 Congaudens
526 1211 689 1248 pecuniae.
974 1215 1124 1247 Sanctum
1146 1214 1223 1248 ferit
1248 1218 1372 1258 histrio,

289 1255 352 1286 Per
379 1256 475 1287 verba
502 1255 647 1288 fallaciae
973 1262 1035 1293 Hic
1061 1264 1118 1294 tali
1143 1267 1297 1305 martyrio

336 1303 451 1334 Tendit
478 1313 533 1335 rex
558 1305 599 1336 ad
626 1306 791 1339 somnium.
1021 1310 1107 1342 Caeli
1132 1313 1212 1351 petit
1235 1314 1360 1347 solium.

174 1382 217 1414 10
233 1391 261 1415 a.
293 1383 416 1423 Corpus
442 1388 528 1416 terra
553 1385 748 1427 sublevatur,
857 1389 900 1422 10
911 1389 942 1423 b.
973 1391 1101 1431 Manyr
1133 1393 1251 1425 Christi
1290 1397 1484 1438 praeelecte,

290 1431 500 1463 Sathanacum
529 1433 716 1472 deportatur
973 1438 1040 1470 Deo
1066 1440 1196 1479 placens
1223 1447 1254 1473 et
1279 1443 1434 1485 perfecte,

287 1479 335 1509 Ac
363 1479 476 1510 devote
503 1487 674 1512 veneratur
971 1486 1130 1526 Martyrio
1156 1489 1244 1521 caelo
1272 1496 1373 1534 vecte,

338 1527 399 1557 I'er
425 1527 490 1558 eius
518 1527 662 1562 confinia.
1020 1534 1089 1566 Duc
1115 1545 1171 1568 nos
1197 1538 1238 1569 ad
1265 1540 1427 1574 caelestia.

525 1610 577 1641 11.
606 1611 714 1649 Ipsum
741 1612 822 1643 votis
850 1613 1075 1654 collaudemus,

602 1658 696 1697 Voce,
725 1659 820 1691 corde
846 1662 1050 1701 exsultemus,

602 1705 654 1736 Ad
681 1705 767 1738 beati
792 1709 987 1748 suspiremus

649 1753 825 1793 Dagoberti
849 1757 979 1798 gaudia.

246 1828 309 1863 „Ex
331 1829 436 1856 Codice
464 1830 674 1859 Satanacensi“
698 1834 728 1860 in
748 1834 831 1862 Alex.
853 1836 1042 1865 Wilthemius
1065 1840 1094 1866 S.
1115 1840 1149 1873 1.,
1170 1842 1243 1869 Acta
1259 1844 1294 1870 D.
1310 1845 1482 1881 Dagoberti,

165 1866 344 1893 Francorum
367 1870 443 1903 regis
459 1873 487 1895 et
502 1872 647 1905 martyris,
664 1872 816 1907 Augustae
830 1874 1018 1903 Trevirorum
1036 1876 1116 1910 1653,
1132 1888 1159 1914 p.
1175 1879 1219 1907 29.
1236 1897 1270 1900 —
1284 1882 1341 1910 Cfr.
1356 1884 1482 1918 Krusch,

164 1904 272 1940 script.
294 1914 349 1932 rer.
371 1907 534 1943 Meroving.
556 1909 593 1940 II,
617 1907 680 1936 510.
701 1924 739 1928 —
759 1909 810 1944 4a,
832 1911 851 1938 4
871 1913 908 1940 ad
929 1920 1035 1949 partes.
1055 1932 1088 1935 —
1111 1916 1166 1950 5a,
1187 1918 1204 1945 5
1226 1920 1368 1949 iudicium
1389 1933 1483 1960 gegen

163 1941 223 1969 den
244 1944 336 1971 Reim.
359 1960 395 1964 —
415 1943 467 1977 Ga,
488 1945 507 1972 4
527 1946 607 1974 Ferri
629 1949 733 1975 stricti.

595 2092 654 2123 107.
695 2093 737 2125 De
758 2097 866 2127 sancto
887 2097 1045 2137 Dionysio.

191 2185 248 2217 1a.
283 2185 388 2223 Salve,
415 2191 508 2225 pater
533 2186 677 2227 Dionysi,
876 2192 936 2226 lb.
970 2193 1090 2227 Praeco
1116 2197 1211 2237 vitae,
1238 2200 1315 2233 tuba
1340 2204 1432 2244 caeli,

286 2232 354 2264 Lux
379 2238 410 2264 et
437 2233 533 2266 decor
558 2236 712 2275 paradisi,
970 2241 1040 2274 Fax
1066 2246 1193 2288 amoris,
1219 2246 1333 2282 fornax
1360 2252 1431 2292 zeli,

330 2281 414 2313 Laus
441 2287 472 2313 et
499 2282 595 2314 decus
621 2283 763 2324 Galliae,
1017 2290 1103 2324 Fons
1138 2298 1168 2324 et
1203 2294 1319 2329 flumen
1345 2301 1480 2340 gratiae.

186 2366 245 2394 za.
277 2363 366 2394 (leri
391 2364 484 2396 iubar
509 2370 538 2396 et
565 2375 709 2407 acumen,
877 2369 938 2404 2b.
970 2371 1080 2404 Mente
1114 2374 1222 2415 legens
1256 2379 1336 2411 caeli
1363 2391 1480 2416 numen

279 2411 367 2443 Flos.
396 2413 558 2451 speculum
586 2417 617 2445 et
638 2423 788 2447 cacumen
973 2419 1017 2452 Ut
1043 2423 1149 2462 aquila
1174 2425 1251 2458 solis
1277 2427 1382 2462 lumen

326 2459 516 2500 Sapientum
544 2461 710 2504 Graeciae,
1016 2467 1088 2501 Non
1113 2480 1227 2506 aversa
1252 2474 1346 2510 facie.
