1655 2713
268 262 327 293 3³.

267 438 325 469 4a.

265 615 326 645 5a.

265 789 323 820 Ga.

267 1137 327 1168 Sa.

267 1308 325 1338 921.

241 1478 325 1511 loa.

238 1648 320 1682 lla.

237 1819 319 1853 12a.

237 2085 318 2120 132.

234 2257 277 2290 14
287 2267 318 2292 a.

766 159 1025 195 —320—

358 260 469 300 Neque
499 262 603 298 potest
627 266 714 289 mens
737 257 873 288 humana

363 308 524 340 Enarrare
551 310 639 337 tanta
664 305 756 342 mira,

405 355 512 394 Qualis
539 355 579 384 sit
605 353 637 384 in
663 353 784 393 gloria;

362 437 483 467 Tantae
514 434 573 466 fuit
599 433 770 473 probitatis

359 483 473 514 Nullus
499 482 608 521 maior,
641 490 698 512 nec
724 481 865 520 aequalis

408 532 554 569 Unquam
567 530 652 561 visus
660 533 707 560 est
717 530 749 560 in
758 529 863 564 terris,

359 612 449 650 Quod
476 620 533 642 nec
559 615 662 650 potest
691 619 766 643 voce
793 610 866 651 fari⁷

359 660 461 699 Negat
497 663 583 690 aetas
615 664 689 690 tunc
714 657 864 698 proferri,

407 708 505 739 Gestu
531 706 638 738 futura
665 707 809 747 nuntiat3

354 789 396 820 Hi
424 793 587 820 venturum
615 789 854 828 praecedentes,

355 837 603 868 Praecedentem
623 836 862 876 subsequentes,

407 883 521 917 Clausa
535 885 679 923 pandunt
694 884 845 922 mysteria
857 895 864 922 ς

314 990 321 997 .
354 966 447 996 Hunc
461 965 638 1008 prophetae
648 965 891 1005 prophetarunt,

359 1014 451 1044 Hunc
462 1018 627 1043 venturum
637 1013 865 1052 praedixerunt

407 1060 561 1091 Nuntiare
587 1061 737 1091 Messiam
752 1073 759 1100 3

360 1137 456 1167 Pater
481 1140 584 1166 mutus
612 1137 799 1177 pugillarem

363 1184 459 1222 Petit,
485 1184 594 1214 scribit
622 1184 812 1223 singularem

407 1231 523 1262 Natum
551 1240 619 1262 esse
644 1231 761 1269 filium3

358 1306 428 1337 Non
457 1311 502 1337 cst
529 1312 638 1346 partus
659 1307 710 1337 hic
729 1307 864 1347 ablatus,

361 1354 423 1385 Sed
451 1355 577 1393 dilatus,
605 1355 698 1385 modo
726 1355 835 1396 datus3

404 1402 575 1432 Reviviscit
603 1412 686 1434 nunc
708 1407 864 1435 senectus.

357 1477 473 1508 Adhuc
484 1478 607 1509 clausus
618 1479 689 1509 alvo
696 1479 863 1518 plaudens,

358 1526 433 1557 Mox
460 1526 491 1556 in
518 1530 608 1565 gestu
634 1526 678 1556 sic
701 1527 863 1558 exsultans

409 1573 470 1603 Pro
496 1577 585 1604 tanta
611 1574 749 1612 laetitia3

352 1649 387 1679 In
413 1653 516 1679 aetate
542 1650 657 1690 puerili

355 1696 455 1727 Sensu
481 1697 589 1736 vigens
616 1697 804 1737 praesubtili

403 1744 520 1775 Factus
548 1748 594 1775 est
622 1745 724 1776 cultor
750 1746 860 1778 eremi.

349 1820 409 1850 Est
435 1820 590 1851 Iohannes
616 1821 734 1853 mundo
758 1826 860 1865 natus,

352 1867 466 1898 Mundi
493 1867 573 1908 fugit
598 1872 772 1908 apparatus

354 1915 397 1946 Et
429 1916 461 1946 in
489 1916 615 1948 Christo
645 1921 693 1947 est
720 1921 857 1960 renatus,

401 1962 489 1994 Sicut
514 1964 565 1995 lex
591 1965 777 2003 praecinuit.

349 2086 534 2119 Occultatur
560 2091 590 2119 et
617 2089 648 2120 in
674 2091 808 2122 mandra

352 2134 420 2166 Nec
437 2139 578 2167 moratur
595 2137 745 2169 mundum
763 2138 856 2181 intra,

400 2184 488 2214 Inter
514 2182 598 2215 feras
624 2185 721 2217 vitam
745 2186 821 2226 agit.

349 2259 386 2291 In
413 2258 552 2292 ferarum

399 2307 520 2340 latebat
545 2309 686 2341 tenebris

350 2355 393 2387 Et
414 2356 588 2396 squalentis

399 2405 496 2435 eremi
521 2405 665 2448 latebris,

445 2452 503 2485 Est
523 2455 686 2495 exemplar
702 2455 913 2498 paenitentis;

957 255 1019 290 3b.
1051 255 1173 287 Haeret
1198 256 1307 296 lingua
1331 255 1393 287 iam
1420 254 1530 294 palato

1053 303 1165 344 Neque
1193 304 1276 336 valet
1301 303 1334 335 in
1360 306 1473 342 aperto

1100 353 1252 384 Promere
1276 351 1439 392 mysteria.

952 433 1016 467 4b.
1048 433 1209 465 Mirabilis
1236 433 1409 465 sanctitate

953 610 1012 643 5b.

949 788 1008 821 6b.

949 965 1009 998 7b.

951 1137 1011 1170 81).

948 1308 1011 1342 9b.

926 1479 1011 1513 lob.

921 1652 960 1684 11
975 1651 1003 1683 b.

922 1824 1006 1859 121).

924 2091 1008 2125 13b.

922 2263 1007 2300 14b.

1047 478 1284 524 Sanctior-[que]
1312 481 1483 519 universis,

1098 529 1194 561 Cuius
1208 538 1330 560 merces
1346 529 1440 560 estin
1451 529 1558 560 caelis.

1039 610 1135 650 Signo
1142 614 1299 642 monstrat
1307 611 1556 650 redemptorem,

1047 660 1144 698 Quem
1172 658 1313 690 futurum
1340 659 1533 690 salvatorem

1096 707 1197 738 Isaias
1224 707 1397 740 cecinerat,

1040 789 1102 820 Hic
1124 792 1335 828 praesentem,
1363 789 1396 820 hi
1415 788 1556 820 futurum

1045 837 1139 868 Illum
1167 845 1236 868 esse
1262 837 1458 876 rediturum3

1094 884 1253 916 Iudicabit
1280 889 1356 916 tunc
1381 885 1497 917 omnia.

1041 966 1099 1004 Qui
1126 967 1283 1006 propheta
1310 966 1514 1005 credebatur,

1047 1014 1122 1044 Plus
1129 1023 1222 1053 quam
1231 1014 1389 1054 propheta
1395 1013 1554 1057 profatur,

1092 1061 1280 1093 Manifestat
1308 1063 1534 1102 praesentiam.

1046 1137 1148 1177 Culpa
1173 1138 1261 1177 ligat,
1289 1138 1369 1170 fides
1395 1138 1500 1176 solvit,

1045 1185 1152 1216 Mater
1184 1185 1282 1225 parit,
1318 1190 1412 1225 pater
1438 1187 1552 1227 credit,

1043 1233 1162 1264 Dicens
1192 1242 1260 1264 esse
1286 1234 1553 1274 paranymphum.

1042 1309 1190 1340 Nondum
1198 1309 1330 1349 loquens
1337 1310 1397 1341 iam
1406 1311 1555 1351 exsultat,

1043 1356 1114 1388 Non
1120 1357 1193 1387 dum
1201 1361 1293 1388 natus
1300 1358 1362 1389 iam
1370 1359 1551 1398 prophetat,

1091 1404 1299 1436 Exhorrescit
1318 1405 1378 1437 hoc
1391 1407 1549 1440 iuventus.

1042 1480 1152 1512 Sermo
1179 1482 1265 1512 venit
1290 1483 1469 1521 salutantis,

1043 1529 1173 1560 Plaudit
1197 1533 1305 1569 gestus
1323 1534 1398 1561 tunc
1415 1530 1548 1564 infantis

1088 1577 1226 1608 Messiae
1251 1579 1446 1616 praesentia.

1037 1653 1142 1684 Doces
1168 1655 1252 1694 alta⁷
1287 1656 1396 1687 clausa
1422 1656 1549 1696 pandis,

1039 1701 1196 1733 Obserata
1222 1704 1317 1735 modo
1344 1704 1452 1745 solvis,

1087 1749 1135 1780 Tu
1153 1750 1312 1790 propheta
1326 1752 1410 1791 regis
1423 1754 1548 1786 summi.

1038 1825 1166 1857 Intrans
1188 1827 1340 1859 mundum
1359 1827 1439 1868 fugit
1457 1838 1547 1861 mun-

1264 1875 1350 1915 dum,

1036 1920 1134 1960 Quem
1177 1923 1326 1963 agnovit,
1371 1923 1454 1956 hunc
1488 1924 1547 1956 im-

1261 1972 1426 2011 mundum,

1087 2016 1151 2049 Ubi
1176 2018 1292 2057 pedem
1319 2020 1382 2051 cito
1408 2020 1518 2054 trahit.

1038 2093 1204 2126 Latitabat
1233 2095 1265 2126 in
1291 2096 1451 2136 speluncis

1040 2140 1084 2172 Et
1108 2141 1139 2173 in
1167 2142 1268 2175 antris
1296 2145 1484 2187 tenebrosis,

1085 2189 1167 2222 Tota
1192 2191 1259 2223 vita
1288 2192 1335 2224 sic
1358 2195 1547 2233 permansit.

1035 2265 1089 2298 Ad
1115 2266 1198 2299 hunc
1225 2269 1326 2301 currit

1088 2318 1163 2346 tunc
1188 2316 1361 2349 multorum

1038 2362 1101 2395 Tot
1127 2371 1297 2397 concursus

1088 2412 1279 2451 populorum

1131 2460 1257 2493 Audire
1283 2471 1392 2496 vocem
1422 2464 1547 2499 salutis.
