1655 2713
160 220 219 252 6a.
252 220 359 254 Humo
384 224 472 256 nudo
500 227 588 268 virgo
614 239 696 269 pura

307 269 416 302 Utitur
442 282 501 312 pro
526 275 655 316 lectulo,

258 317 354 350 Panis
377 323 466 352 artus
493 322 594 362 cibus,
622 335 706 366 aqua

303 366 407 407 Saepe
433 367 469 400 fit
494 380 553 411 pro
577 374 703 412 poculo.

161 451 221 484 7a.
251 452 471 487 Bai-batorum

302 499 434 542 fugatur
460 503 584 541 feritas,

253 548 337 581 Dum
364 551 405 583 ad
432 552 594 586 Christum

300 607 396 631 orans
423 603 632 637 convertitur.

156 683 216 716 82.
251 684 363 717 Oleum
392 687 432 718 de
457 688 547 721 caelo
574 690 679 729 datur,

253 732 367 765 Clarae
393 736 501 774 proles
527 737 709 772 admiratur

299 781 335 813 ln
362 787 453 815 tanto
480 785 653 827 miraculo;

153 866 212 898 9³.
245 867 347 900 Miros
373 874 464 901 actus

296 916 408 956 dignos
434 921 588 951 memoria

246 963 392 996 Christus
418 966 535 1005 probat

294 1012 417 1044 crebris
443 1014 591 1055 indiciis,

245 1059 365 1091 Vivens
390 1061 423 1092 in
450 1062 510 1094 hac

291 1109 411 1140 saeculi
438 1111 551 1153 scoria,

126 1192 207 1225 loa.
239 1193 276 1226 In
301 1194 361 1226 hoc
388 1197 497 1228 mundi
524 1197 710 1232 discrimine

289 1242 421 1275 Manum
444 1247 582 1278 extende
607 1250 756 1292 pauperi,

239 1289 289 1322 Ne
316 1291 410 1323 cadat
437 1293 468 1324 in
496 1296 681 1336 certamine,

196 1375 284 1403 Grad.
306 1386 358 1404 ms.
374 1378 605 1408 Franciscanum
627 1390 704 1410 saec.
729 1382 774 1411 14.
790 1385 861 1413 Cod.

120 1414 248 1442 saeculo.

784 135 828 170 97
877 155 926 164 -

863 234 927 268 6b.
958 235 1063 276 Signis
1089 236 1197 269 multis
1222 237 1405 270 illustratur

1007 285 1124 316 Vivens
1148 285 1180 317 in
1206 285 1266 318 hoc
1291 287 1431 327 saeculo,

956 332 1089 365 Morbus
1115 334 1216 366 omnis
1242 333 1399 375 effugatur

1005 381 1040 413 In
1067 382 1170 414 erucis
1195 382 1369 423 signaculo.

863 465 923 498 7b.
954 469 982 499 A
1010 476 1071 508 me,
1098 469 1201 509 inquit

1001 520 1133 548 aeterna
1161 518 1290 559 veritas,

953 564 1115 604 Quidquid
1143 566 1237 605 petis,

1001 612 1053 651 pie
1080 614 1275 647 conceditur.

852 695 917 729 8b.
949 696 1069 729 Christi
1097 700 1196 731 virtus
1222 701 1405 741 innovatur,

947 745 1029 776 Dum
1056 747 1148 786 panis
1175 749 1408 791 multiplicatur

995 794 1032 825 In
1061 793 1154 826 famis
1179 797 1324 829 articulo.

853 877 914 911 9b.
948 879 1060 911 Iuncta
1087 880 1218 913 Christo

993 928 1117 966 potitur
1142 930 1255 971 gloria,

945 975 1146 1008 Caelestibus

993 1024 1112 1063 stipata
1139 1025 1215 1057 liliis

942 1070 1053 1104 Hostis
1080 1074 1167 1104 saevi

989 1118 1076 1151 facta
1104 1122 1248 1154 victoria.

821 1203 864 1236 10
877 1203 906 1237 b.
943 1206 986 1238 Ut
1012 1207 1058 1237 sic
1085 1212 1138 1239 tuo
1164 1210 1336 1242 munimine

989 1254 1088 1288 Liber
1111 1266 1130 1288 a
1155 1259 1258 1297 portis
1285 1258 1379 1292 inferi

939 1302 1043 1334 Fruat
1069 1309 1201 1336 aeterno
1228 1307 1355 1341 lumine.

875 1387 1017 1415 Graecei).
1041 1388 1086 1416 36.
1112 1406 1147 1408 —
1170 1390 1219 1423 921.
1242 1392 1259 1419 5
1282 1404 1323 1430 sq.
1348 1396 1378 1421 in
1401 1395 1456 1423 hoc

590 1514 637 1545 98.
679 1515 722 1546 De
744 1518 858 1549 sancta
879 1518 985 1550 Clara.

145 1600 201 1631 la.
234 1598 382 1632 Thronus
408 1611 509 1634 novus
535 1603 729 1646 fabricatur,

238 1648 335 1680 Clara
360 1649 430 1682 Deo
457 1658 671 1696 consecratur,

237 1695 386 1730 Gloriose
418 1700 590 1733 decoratur

282 1745 383 1778 Manu
410 1748 598 1788 sapientiae.

139 1830 159 1862 2
169 1838 198 1863 a.
230 1831 266 1862 In
282 1831 342 1864 hoc
355 1833 472 1866 throno
485 1840 608 1876 septem
623 1838 749 1879 stellae,

229 1879 359 1920 Septem
392 1882 476 1915 dona
509 1890 582 1917 sunt
608 1887 748 1929 puellae,

231 1927 318 1967 Quae
336 1931 383 1962 sic
402 1931 509 1964 clarae
523 1935 629 1966 cordis
645 1936 748 1969 cellae

275 1977 377 2011 Dedit
403 1979 523 2013 Christi
549 1983 696 2024 spiritus,

129 2063 189 2096 3a.
222 2064 341 2105 Venus,
370 2067 488 2100 donum
516 2069 659 2114 pietatis,

225 2112 349 2146 Tantae
379 2114 457 2148 fecit
482 2117 646 2152 libertatis

221 2160 365 2204 Claram,
385 2165 470 2205 quod
489 2175 524 2198 se
538 2170 744 2209 paupertatis

271 2210 385 2244 Totam
412 2212 490 2246 fecit
514 2214 680 2251 famulam.

124 2295 186 2329 4a.
217 2296 384 2331 Mercurio
410 2302 622 2346 resplenduit,

223 2345 398 2380 Consilium
425 2351 479 2390 qui
505 2353 667 2392 exprimit,

220 2394 312 2434 Quod
338 2398 519 2437 prudenter
543 2402 649 2433 tenuit

265 2444 387 2478 Contra
410 2449 524 2481 mundi
550 2448 711 2483 fraudem.

152 2499 285 2532 Blume,
302 2505 470 2534 sequentiae
486 2506 632 2533 Ineditiae.
660 2509 709 2533 lx.

842 1611 858 1642 1
873 1608 904 1643 b.
936 1611 1026 1643 Haec
1045 1618 1091 1644 est
1108 1613 1242 1647 thronus
1259 1616 1451 1661 Salomonis,

934 1660 1033 1698 Quem
1066 1663 1193 1694 ornavit
1219 1665 1284 1696 suis
1311 1666 1404 1698 donis

932 1708 982 1739 Ac
1010 1710 1149 1750 replevit
1174 1713 1282 1744 multis
1309 1715 1402 1747 bonis

981 1757 1139 1799 Christus,
1168 1769 1222 1792 rex
1248 1762 1451 1798 clementiae.

837 1841 896 1876 2b.
929 1843 1018 1876 Haec
1045 1845 1183 1879 Saturno
1211 1848 1393 1891 decoratur,

931 1892 996 1924 Per
1010 1903 1103 1934 quam
1120 1897 1246 1928 stellam
1263 1898 1449 1933 declaratur

929 1941 1059 1978 Timor,
1087 1953 1145 1983 per
1171 1955 1263 1985 quem
1292 1949 1449 1982 adoratur

975 1992 1132 2035 Christus,
1166 1994 1224 2026 Dei
1252 1995 1347 2030 filius,

831 2075 893 2109 3b.
925 2077 1099 2111 Fortitudo
1126 2081 1231 2121 signat
1254 2083 1406 2124 Martem,

924 2127 984 2166 Qui
1012 2128 1059 2159 sic
1078 2129 1205 2161 Claram
1231 2129 1307 2163 fecit
1326 2132 1443 2166 fortem

923 2175 1014 2214 Quod
1042 2179 1168 2209 necavit
1199 2180 1283 2211 vitae
1306 2187 1443 2215 mortem

974 2224 1034 2256 Per
1061 2226 1168 2257 cordis
1195 2231 1421 2264 constantiam.

827 2308 890 2342 4b.
923 2309 1015 2343 Luna
1042 2312 1127 2343 lucet
1152 2313 1345 2358 intellectus,

921 2359 989 2398 Quo
1017 2360 1169 2400 dirigitur
1194 2362 1327 2396 affectus

921 2407 1047 2446 Clarae,
1067 2410 1153 2448 quod
1175 2411 1222 2442 sic
1236 2416 1283 2443 est
1300 2419 1440 2456 erectus,

968 2458 1059 2495 Quod
1087 2467 1148 2490 non
1176 2461 1274 2492 sentit
1301 2462 1418 2496 labem.

1242 2516 1258 2544 7
