1655 2713
765 165 1023 200 —316—

239 268 283 300 10
295 277 325 300 a.
355 267 415 299 His
440 266 556 298 auditis
583 268 631 296 cst
657 266 812 295 commota

356 315 416 346 Illa
442 318 528 344 terra
554 311 734 352 barbarica,

403 362 521 401 Sponte
543 359 627 391 facta
643 359 700 390 sub
718 358 860 400 tributo;

239 460 321 491 lla.
353 458 472 489 Hastae
498 456 594 487 ramis
621 454 796 486 virentibus

352 505 378 536 F
381 505 517 536 rondent
535 503 668 542 sumptis
687 502 858 541 radicibus,

401 553 577 583 Decoratae
604 550 784 582 corticibus.

235 649 276 680 12
288 657 316 681 a.
349 647 491 679 Sollicite
516 647 705 687 custoditur,

350 695 401 726 Ab
428 695 557 726 armatis
585 695 762 733 protegitur

398 743 500 773 Tanto
528 741 623 773 fultus
650 742 822 781 praesidio,

234 840 312 870 132.
345 839 456 869 Tantis
483 837 576 869 factis
601 838 742 869 excubiis

352 886 545 924 Quaterdeni
571 886 602 916 in
631 885 746 925 vigiliis
774 891 780 894 '

399 933 501 969 Stant,
511 933 559 963 bis
568 933 640 964 deni
649 934 749 974 laeva,
759 933 891 972 dextra,

233 1029 278 1060 14
289 1038 317 1060 a.
349 1028 411 1060 Sed
438 1029 470 1059 in
496 1029 612 1060 somnis
639 1030 798 1068 apparuit,

350 1076 508 1107 Mundare
535 1077 637 1107 locum
664 1077 785 1107 monuit

397 1124 448 1154 Ab
475 1124 558 1154 omni
585 1124 747 1162 spurcitia.

232 1219 274 1250 15
286 1228 314 1249 a.
345 1218 555 1250 venerandus
583 1218 727 1258 Iacobus,

348 1265 522 1304 Hispaniae
549 1267 720 1305 apostolus,

396 1313 513 1352 Regem
528 1318 633 1344 monet
649 1318 679 1344 et
689 1314 852 1353 hortatur;
889 1341 893 1343 .

232 1409 273 1440 16
285 1417 313 1440 a.
345 1407 394 1439 De
420 1412 550 1447 peccato
577 1413 771 1449 perpetrato,

346 1455 395 1486 Ne
420 1455 511 1486 fieret
533 1457 564 1486 in
590 1460 711 1497 aperto,

393 1502 513 1534 Fundit
538 1512 650 1542 preces
675 1504 847 1544 Aegidius;

229 1598 269 1629 17
281 1607 307 1630 a.
337 1598 418 1629 Dum
454 1608 512 1638 pro
542 1608 615 1638 rege
641 1600 849 1639 supplicatur,

345 1647 411 1684 Quo
443 1647 608 1677 commisso
634 1647 848 1687 premebatur,

392 1694 542 1725 Precibus
569 1695 670 1725 sancti
696 1695 848 1736 solvitur,

225 1789 266 1820 18
278 1798 306 1821 a.
337 1789 427 1828 Quod
455 1788 548 1820 fateri
574 1799 630 1821 rex
657 1794 784 1821 veretur

341 1836 461 1876 Scelus,
487 1837 568 1868 scire
594 1842 812 1879 promeretur,

341 1884 487 1916 Christus
513 1885 540 1916 ei
568 1886 723 1917 revelavit

341 1931 460 1973 Scelus,
484 1933 569 1972 quod
591 1942 648 1964 rex
671 1934 881 1973 perpetravit.

221 2027 263 2059 19
276 2036 304 2059 a.
335 2027 397 2058 Hic
421 2027 600 2059 horrendae
626 2029 672 2059 rei
698 2038 786 2060 reum

335 2075 455 2107 Videns
481 2076 601 2107 crimen
627 2078 713 2116 apud
731 2077 833 2108 Deum

217 2172 261 2203 20
272 2180 300 2203 a.
330 2170 438 2210 Nepos
464 2172 629 2204 Rolandus
655 2174 790 2205 moritur

331 2218 372 2250 Et
399 2219 517 2251 lanceis
544 2220 711 2261 configitur

379 2268 463 2299 Vera
489 2268 609 2300 Christi
636 2269 772 2302 victima.

214 2363 255 2396 21
267 2372 294 2398 a.
326 2363 352 2395 Ο
379 2363 493 2395 Carole
518 2364 680 2408 bellicose,

328 2411 431 2443 Huius
459 2412 542 2444 vitae
567 2414 755 2447 tenebrosae

377 2460 586 2493 Pertimemus
612 2463 773 2504 pericula,

912 1601 996 1635 171).

909 1792 993 1825 181).

908 2031 992 2064 191).

926 263 970 296 10
982 261 1013 294 1).
1044 261 1244 293 Pollicentur
1269 260 1439 302 baptizari,

1043 309 1158 341 Iubent
1185 309 1268 342 dona
1292 309 1366 342 huic
1391 308 1500 341 offerri

1090 358 1179 390 Auro
1214 357 1311 390 misso
1341 367 1412 389 cum
1437 357 1556 398 legato.

922 455 962 486 11
976 454 1006 486 b.
1039 454 1101 486 Sed
1128 454 1217 486 milia
1242 457 1354 494 quater
1383 453 1468 486 dena

1040 502 1146 534 Morte
1172 503 1341 542 privantur
1363 502 1491 542 acerba,

1087 551 1277 582 Inseruntur
1302 549 1509 590 martyribus,

919 646 962 679 12
974 645 1005 679 b.
1036 646 1240 678 Protectores
1267 649 1298 677 et
1325 646 1474 678 custodes

1035 694 1078 726 Et
1104 694 1145 726 ad
1172 698 1269 734 caput
1295 698 1323 725 et
1351 695 1392 726 ad
1419 695 1518 734 pedes

1084 742 1149 774 Sub
1176 743 1278 773 noctis
1305 743 1443 775 silentio.

920 839 962 870 13
974 837 1003 871 b.
1036 838 1104 876 Quo
1129 838 1239 869 labore
1266 842 1483 880 conservatur,

1038 885 1127 917 Neve
1152 886 1300 917 damnum
1328 887 1471 926 patiatur

1085 934 1182 973 Regis
1209 935 1274 965 vita
1302 935 1430 966 misera.

924 1031 965 1062 14
977 1029 1006 1062 b.
1040 1030 1153 1061 Statim
1180 1030 1267 1062 iubet
1293 1040 1349 1062 rex
1376 1031 1525 1063 mundari

1038 1077 1080 1108 Et
1106 1077 1151 1108 ibi
1177 1087 1289 1117 preces
1315 1078 1423 1110 offerri

1086 1126 1162 1157 Cum
1191 1136 1312 1157 summa
1337 1127 1527 1159 reverentia.

918 1221 959 1252 15
971 1219 1001 1252 b.
1034 1220 1223 1259 Sepulturae
1249 1222 1404 1253 mundant
1430 1222 1547 1261 locum,

1035 1268 1216 1307 Peregrinis
1244 1270 1320 1300 dant
1346 1269 1480 1307 aditum,

1083 1315 1147 1348 Ubi
1183 1321 1311 1348 sanctus
1343 1317 1546 1356 deprecatur.

916 1409 999 1442 161).
1032 1410 1150 1442 Dicens
1177 1421 1246 1443 esse
1273 1412 1487 1444 condonatum

1030 1458 1072 1489 Et
1108 1468 1146 1490 ex
1173 1464 1240 1491 toto
1265 1460 1328 1491 iam
1354 1460 1522 1492 remissum

1077 1506 1126 1537 De
1151 1507 1239 1538 caelo
1265 1508 1351 1538 venit
1377 1509 1518 1541 nuntius.

1028 1603 1228 1642 Impetravit‚
1257 1604 1342 1643 quod
1368 1604 1512 1644 optabat,

1029 1649 1138 1681 Scelus
1164 1651 1251 1682 istud
1278 1651 1505 1690 confundebat,

1076 1698 1166 1737 Quod
1181 1699 1213 1730 in
1228 1699 1331 1730 Deum
1345 1700 1540 1734 admittitur.

1025 1793 1106 1825 Nam
1132 1794 1228 1826 altari
1255 1795 1329 1826 duni
1355 1800 1476 1828 astaret

1025 1841 1171 1881 Dumque
1197 1843 1326 1875 missam
1345 1844 1535 1883 celebraret,

1024 1889 1074 1920 De
1100 1890 1248 1929 supernis
1275 1896 1364 1923 carta
1389 1892 1488 1924 missa

1023 1937 1119 1976 Regis
1137 1938 1251 1978 pandit
1268 1939 1341 1970 huic
1355 1940 1535 1974 commissa.

1024 2033 1091 2064 Iam
1117 2043 1176 2073 pro
1201 2043 1276 2075 rege
1293 2036 1430 2075 supplex
1451 2040 1533 2077 orat,

1025 2080 1121 2113 Cuius
1155 2082 1281 2122 culpam
1307 2093 1370 2115 non
1396 2084 1533 2124 ignorat.

902 2176 945 2209 20
956 2175 986 2210 b.
1019 2177 1219 2218 Propagator
1244 2184 1321 2211 tunc
1347 2179 1424 2213 fidei

1020 2224 1154 2266 Semper
1179 2227 1244 2267 egit
1269 2237 1399 2260 causam
1424 2229 1496 2272 Dei,

1068 2275 1182 2307 Caelos
1207 2277 1394 2309 conscendit
1411 2278 1530 2315 anima.

898 2370 940 2402 21
954 2369 985 2403 b.
1015 2369 1131 2402 Fortes
1157 2371 1255 2403 simus
1280 2373 1313 2405 in
1339 2374 1486 2408 adversis

1015 2418 1060 2451 Et
1084 2419 1220 2451 humiles
1246 2420 1279 2453 in
1305 2424 1471 2463 prosperis

1063 2468 1127 2500 Per
1152 2468 1237 2501 vitae
1262 2471 1433 2507 curricula.
