1655 2713
710 147 848 181 „⁴93
899 165 941 170 .-

173 250 193 282 5
209 257 237 282 a.
270 248 434 288 Sapientia
460 249 591 279 vocatur

270 296 395 328 Donum
407 303 571 331 summum,
579 292 663 332 quod
674 292 821 333 signatur

271 344 354 380 Sole.
381 352 442 383 quo
468 342 665 374 illuminatur

321 391 456 423 Sanctae
483 389 596 422 Clarae
623 388 714 427 ratio,

175 465 195 496 6
215 472 242 495 a.
275 464 337 495 Per
355 463 412 492 hoc
427 461 541 492 donum
558 459 659 499 patris
675 459 806 498 candor,

272 510 409 549 Spiritus
447 517 484 540 ac
521 507 607 538 verbi
640 507 805 547 splendor,

322 557 382 588 Per
415 556 575 587 columnas
601 555 782 586 ordinatam

322 604 455 636 Domum
484 603 545 634 sibi
574 603 757 634 decoratam

370 652 482 683 Clarae
511 650 587 681 fecit
613 651 772 690 spiritum.

180 725 197 756 7
214 734 242 757 a.
273 723 365 755 Nunc
392 723 422 754 in
451 723 548 754 caelis
575 723 759 759 collocatur,

274 771 374 803 Deum
408 771 525 802 trinum
561 769 805 811 contemplatur,

322 819 416 850 Nunc
441 827 548 849 amore
574 818 777 857 amplexatur

323 867 448 907 Iesum,
484 867 515 896 in
541 875 602 905 quo
630 866 808 897 delectatur

373 913 467 945 Clara
493 914 561 944 sine
587 914 703 945 taedio.

885 245 903 275 5
922 241 953 276 b.
984 241 1076 282 Quod
1111 244 1176 272 tam
1202 247 1284 282 pure
1309 237 1497 279 speculatur

985 289 1079 321 Clare
1104 289 1208 322 Deum
1235 291 1267 319 et
1291 290 1445 326 sectatur,

983 337 1074 376 Quod
1100 337 1132 368 in
1158 336 1230 376 ipso
1254 335 1418 376 quietatur

1032 385 1147 417 Clarae
1173 383 1336 425 cogitatio.

887 459 907 491 6
922 457 953 490 b.
985 456 1148 489 Columnis
1171 459 1297 497 septem
1323 454 1496 487 roboratur

986 505 1101 537 Clarae
1128 504 1240 536 domus
1266 507 1297 534 et
1323 507 1465 535 ornatur.

1033 554 1096 585 Per
1120 552 1180 584 hoc
1206 552 1292 583 clare
1319 551 1444 589 claruit,

1033 600 1124 640 Quod
1149 601 1300 631 virtutum
1326 599 1439 630 habuit

1081 647 1211 680 Sacrum
1239 647 1465 687 septenarium.

891 722 908 754 7
928 720 959 755 b.
991 720 1096 757 Clara,
1125 724 1227 751 mater
1253 719 1421 758 claritatis,

984 768 1102 800 Tecum
1128 768 1234 799 lumen
1260 767 1399 799 Deitatis

1033 816 1139 848 Corde
1166 825 1247 856 puro
1274 815 1438 847 videamus

1033 863 1074 895 Et
1101 864 1132 895 in
1160 864 1230 903 ipso
1256 863 1450 903 gaudeamus

1083 911 1212 943 Amoris
1238 911 1397 945 incendio.

255 986 394 1018 Sequeut.
416 992 468 1009 ms.
486 984 514 1010 S.
529 983 648 1018 Georgii
665 982 859 1017 villingensis
875 990 949 1009 saec.
968 981 1010 1008 15.
1027 982 1098 1008 Cod.
1115 981 1321 1009 Carolsruhan.
1337 979 1403 1010 Geo
1417 981 1444 1009 3.
1462 999 1495 1002 —

180 1023 236 1049 Mit
256 1022 392 1048 Melodie.

645 1085 691 1115 99.
733 1086 774 1115 De
796 1086 905 1115 sancta
926 1084 1028 1115 Clara.

184 1162 200 1193 1
217 1170 246 1192 a.
278 1160 372 1191 Sidus
398 1160 517 1191 clarum

277 1207 402 1246 Fulget.
432 1207 529 1238 decus
554 1208 760 1248 inclusarum,

327 1255 422 1294 Virgo
449 1255 555 1287 Clara.

183 1328 246 1359 2a.
279 1327 368 1358 Fune
398 1326 511 1366 cincta,
539 1326 645 1357 calceo

277 1374 407 1406 Carens.
435 1373 538 1403 cibum
565 1373 672 1405 triduo

326 1421 396 1452 Non
423 1420 576 1452 sumebat.

186 1494 249 1525 3a.
281 1492 377 1524 Certa
407 1493 487 1523 caeli
513 1493 628 1532 gaudio

282 1541 318 1572 In
345 1540 455 1571 mortis
483 1540 617 1571 articulo

331 1587 490 1619 Christum
517 1588 629 1621 cernit.

187 1661 252 1691 4a.
284 1659 518 1698 Quinquaginta
545 1658 681 1698 prandio

284 1706 436 1737 Dominas
463 1706 596 1738 dimidio

332 1753 437 1784 Pascit
462 1762 553 1793 pane.

190 1826 253 1857 53.
284 1824 418 1866 Febres,
447 1834 566 1864 vocem⁷
594 1824 719 1866 furiam,

283 1872 494 1913 Hydropisin‚
524 1871 676 1911 fistulam,

286 1921 415 1959 Aurem,
443 1920 535 1957 latus.
563 1921 717 1952 maculam

333 1967 433 1999 Cruce
461 1973 560 2001 curat.

193 2041 255 2071 Ga.
288 2039 383 2071 Plura
410 2039 458 2070 his
485 2045 516 2070 et
542 2040 604 2071 alia

285 2087 379 2119 Facit
403 2087 564 2119 mirabilia

332 2134 397 2166 Ista
424 2135 513 2175 virgo

382 2183 572 2216 beatissima.

894 1161 909 1192 1
926 1159 956 1192 b.
989 1160 1268 1192 Praemonstratur

987 1207 1159 1239 Nascitura
1185 1207 1255 1239 orbi
1281 1211 1388 1239 terrae

1034 1254 1105 1288 Lux
1132 1254 1251 1288 futura.

892 1328 910 1358 2
926 1326 957 1359 b.
990 1326 1134 1358 Christus
1161 1327 1208 1358 illi
1233 1326 1318 1358 filiae

987 1374 1035 1405 De
1063 1383 1159 1413 capsa
1185 1374 1318 1406 mirifice

1035 1422 1274 1461 Respondebat.

896 1494 914 1525 3
931 1493 961 1525 b.
993 1494 1099 1533 Ipsam
1127 1494 1205 1525 hora
1230 1494 1384 1525 transitus

990 1541 1095 1573 Maria
1123 1550 1193 1572 cum
1219 1542 1395 1582 virginibus

1041 1589 1269 1622 Circumstetit.

899 1661 920 1691 4
935 1659 965 1692 b.
997 1660 1066 1691 Hac
1091 1667 1202 1692 orante
1228 1661 1334 1693 subito

993 1708 1201 1748 Adimpletur
1227 1709 1296 1741 oleo

1040 1757 1104 1787 Vas
1130 1757 1234 1790 inane.

901 1826 966 1859 5b.
997 1827 1094 1860 Curat
1122 1829 1354 1867 daemoniacos⁷

995 1875 1078 1916 Lupi
1106 1880 1214 1916 raptos
1240 1877 1391 1917 parvulos

996 1923 1159 1961 Reddunt‚
1189 1925 1291 1956 claros
1316 1925 1423 1957 oculos

1046 1971 1148 2004 Caeco
1175 1973 1283 2005 donat.

900 2043 920 2075 6
935 2042 966 2075 b.
998 2043 1023 2075 O
1049 2043 1215 2076 Francisci
1241 2046 1396 2086 plantula.

993 2091 1041 2122 Tu
1067 2101 1126 2131 pro
1154 2092 1246 2125 nobis
1273 2094 1385 2126 sedula

997 2138 1136 2171 Precare
1163 2141 1326 2173 Christum

1045 2196 1102 2227 per
1128 2189 1267 2221 saecula.

267 2253 356 2280 Grad.
378 2262 431 2280 ms.
453 2254 680 2282 Franciseanum
694 2256 848 2284 Monacen.
870 2265 945 2284 saec.
969 2255 1041 2285 ¹⁴15.
1058 2258 1130 2286 Clm.
1145 2260 1299 2288 Monacen.
1321 2259 1406 2290 8710.
1423 2263 1457 2290 A.
1472 2277 1509 2282 -

191 2292 273 2318 Miss.
306 2301 359 2319 ms.
391 2293 580 2328 Frisingense
617 2302 692 2322 saec.
731 2293 773 2321 14.
805 2295 877 2322 Clm.
911 2295 1063 2323 Monacen.
1096 2295 1204 2326 23054.
1238 2301 1339 2332 134—
1369 2300 1407 2328 Se
1429 2305 1512 2329 nent.

191 2338 245 2356 ms
268 2332 296 2357 S.
318 2331 439 2367 Georgii
461 2331 656 2367 Villingensis
677 2341 753 2360 saec.
778 2332 821 2360 15.
843 2333 913 2361 cod.
936 2334 1145 2363 Carolsruhan.
1167 2338 1237 2365 Gen.
1259 2335 1286 2365 3-
1309 2338 1340 2366 C.
1362 2353 1398 2358 -

1445 2349 1472 2374 a,
1495 2339 1509 2368 l

192 2368 299 2395 calceis
320 2369 354 2402 A,
376 2369 471 2396 calcia
491 2371 523 2397 B.
541 2368 647 2403 —2b‚
671 2370 758 2399 listi
779 2371 1082 2405 c.—4b‚1Hanc
1102 2376 1135 2402 A.
1152 2375 1258 2410 —5a
1280 2375 1298 2403 2
1318 2378 1368 2413 Hy
1370 2378 1445 2415 drop
1447 2379 1510 2407 ilim

195 2407 255 2433 AB.
270 2422 305 2426 —
322 2406 376 2440 Ga,
398 2406 416 2435 3
440 2409 503 2436 Ista
523 2409 596 2436 fehlt
616 2410 655 2443 A3
677 2410 739 2437 Ista
760 2410 816 2438 fuit
836 2412 918 2447 virgo
940 2411 973 2439 B.
988 2427 1024 2431 —
1039 2410 1095 2444 6b,
1117 2411 1134 2441 2
1155 2415 1248 2442 Tuum
1265 2414 1296 2443 C.
1312 2431 1348 2435 —
1349 2387 1508 2446 yMeloclie:

192 2445 468 2474 Laetabundus
