1655 2713
655 159 894 194 —19-

132 253 152 286 3
167 261 197 286 a.
234 253 446 286 Patriarchae
473 264 543 288 cum
566 256 746 298 prophetis,

231 300 307 345 Oro,
335 301 404 334 Deo
430 305 622 344 supplicetis

281 351 343 382 Pro
359 349 532 390 defunctis,
552 352 631 384 utin
648 353 746 384 caelis

326 397 544 439 Requiescant
568 401 599 431 in
627 410 718 440 pace.

134 495 199 527 4a.
231 494 414 535 Martyrum
443 496 615 537 exercitus,

229 542 424 584 Expugnate
450 544 578 583 penitus

279 591 400 623 Horum
414 591 532 633 hostes,
551 597 585 623 ut
601 593 632 624 in
647 593 744 624 caelis

328 639 545 680 Requiescant
571 641 602 672 in
629 650 717 681 pace.

135 737 198 768 511.
231 736 349 768 Omnes
376 740 507 767 sanctae
534 736 684 778 virgines,

228 784 452 816 Ascendentes
479 784 622 815 homines

280 831 393 862 Vestra
413 840 508 871 prece
526 833 558 862 in
573 836 738 864 aeternum

324 879 540 918 Requiescant
565 880 596 910 in
625 889 713 919 pace.

831 256 898 291 3b.
926 257 1075 297 Apostoli
1103 258 1176 290 Iesu
1202 258 1334 299 Christi,

926 305 986 337 His
1012 305 1125 337 solutis
1152 306 1221 337 loco
1248 306 1333 337 tristi

974 353 1134 392 obtinete,
1162 359 1197 386 ut
1221 354 1254 385 in
1282 355 1379 386 caelis

1024 402 1239 442 Requiescant
1278 402 1308 433 in
1345 411 1434 442 pace.

829 497 895 530 4b.
929 495 1146 537 Confessures,
1175 498 1326 538 precibus

925 545 969 577 Et
995 547 1110 578 vestris
1137 546 1309 578 virtutibus

973 593 1157 634 Subvenite,
1185 600 1217 626 ut
1244 595 1275 626 in
1304 595 1401 626 caelis

997 643 1209 682 Requiescant
1237 643 1268 674 in
1294 652 1385 682 pace.

828 740 846 770 5
863 737 894 770 b.
925 737 1042 769 Omnes
1069 738 1171 768 sancti
1199 739 1332 779 pariter,

923 785 1110 824 Supplicate
1136 786 1263 823 iugiter,

971 833 1014 865 Ut
1041 833 1072 863 hi
1099 833 1190 864 simul
1217 835 1247 864 in
1268 839 1432 866 aeternum

1018 881 1234 920 Requiescant
1274 883 1304 913 in
1341 893 1430 922 pace.

522 977 553 1008 6.
581 977 696 1015 Amen,
724 979 827 1008 Amen
855 976 1000 1013 dicimus,

582 1023 673 1064 Vota,
700 1025 813 1062 sancti,
842 1023 1016 1061 fundimus,

628 1071 813 1111 Subvenite,
841 1077 876 1104 ut
901 1073 932 1104 in
961 1073 1057 1104 caelis

676 1120 892 1160 chuiescant
919 1121 952 1152 in
979 1130 1068 1161 pace.

178 1215 262 1241 Miss.
281 1223 334 1241 ms.
352 1214 464 1241 Montis
479 1214 591 1241 Sei-rati
607 1216 677 1241 anni
697 1213 777 1242 1408.

814 1216 944 1243 Daraus:
968 1216 1154 1245 Villanncva.
1172 1217 1265 1251 Viage
1282 1219 1428 1245 Literarh·

101 1253 168 1284 VII,
191 1262 219 1288 p.
243 1251 296 1280 149
318 1263 371 1289 sq..
394 1253 470 1280 ohne
493 1254 616 1289 Angabe
638 1254 688 1280 des
704 1254 876 1281 Fundortes.
893 1256 927 1281 A.
943 1269 979 1273 -
993 1255 1134 1282 Manuale
1150 1257 1336 1283 Nannetcnw
1359 1258 1428 1292 imp.

103 1292 229 1319 Parisiis
249 1291 314 1323 (loh
347 1293 373 1319 le
395 1293 500 1319 Blanc)
520 1302 542 1319 s.
565 1301 590 1318 a.
616 1293 638 1319 Β
669 1307 706 1312 ——
728 1291 782 1325 2a,
805 1291 822 1320 2
845 1293 885 1321 Ut
905 1294 1059 1320 vobiscum
1074 1295 1107 1321 B.
1131 1311 1168 1314 —
1189 1294 1243 1326 5³,
1270 1295 1279 1321 1
1302 1299 1428 1322 >jam-tae

101 1338 222 1365 prorsus
245 1331 277 1358 A.
299 1345 336 1349 —
357 1330 420 1362 5a,
449 1331 466 1358 2
488 1331 744 1358 Transcendentes
766 1334 799 1359 A.
821 1346 858 1351 —
880 1330 943 1363 51⁷»,
971 1332 988 1359 :5
1012 1333 1098 1359 simul
1123 1337 1150 1360 et
1171 1335 1201 1360 in
1223 1334 1313 1360 caelis
1337 1335 1369 1360 A.
1393 1349 1427 1352 —

101 1367 128 1403 6,
149 1367 167 1396 2
188 1370 299 1396 sanctis
322 1370 356 1396 A.
377 1385 415 1389 —
435 1369 462 1402 6,
484 1368 502 1398 3
526 1369 636 1396 Christi
659 1371 858 1405 passionibus.

453 1512 496 1542 10.
538 1510 593 1542 Die
616 1511 706 1542 Festo
730 1510 870 1542 Omnium
893 1512 1087 1544 Sanctorum.

125 1602 140 1633 1
159 1610 189 1634 a.
224 1601 293 1633 Rex
319 1605 460 1639 aeterne,
489 1602 542 1641 pie
569 1606 672 1641 pater,

220 1649 280 1681 Pia
306 1649 398 1681 nobis
426 1649 516 1691 virgo
543 1655 646 1681 mater

269 1697 315 1729 Te
341 1703 466 1738 patrem
494 1702 526 1729 et
552 1698 651 1730 filium

121 1796 140 1827 2
156 1803 184 1826 a.
219 1795 314 1826 Petre
336 1798 456 1835 pastor,
482 1803 599 1836 praeco
621 1795 729 1835 Paule,

216 1842 258 1874 Et
285 1843 434 1874 caelestis
461 1844 563 1876 omnis
590 1843 682 1875 aulae

265 1891 380 1923 Patres
405 1892 587 1931 apostolici,

118 1989 137 2020 3
154 1997 184 2020 a.
215 1989 241 2021 Ο
269 1988 436 2027 Laurenti,
463 1998 482 2020 ο
509 1988 670 2026 Vincenti,

215 2037 241 2070 O
269 2046 326 2069 vos
352 2046 478 2077 omnes,
504 2037 537 2068 in
564 2038 728 2077 praesenti

265 2085 401 2118 Saeculo
427 2086 617 2126 martyrium

116 2186 180 2216 4a.
213 2183 239 2216 O
266 2182 360 2215 beate
387 2182 533 2224 Nicolae,

213 2231 281 2263 Nos
306 2232 347 2264 ad
376 2236 504 2272 portum
529 2231 618 2272 pacis
637 2231 730 2263 trahe

260 2279 310 2313 De
336 2281 446 2312 mundi
474 2279 655 2321 naufragio.

115 2380 134 2411 5
150 2386 181 2410 a.
213 2377 313 2410 Sacer
339 2377 457 2409 chorus
484 2376 663 2417 virginalis,

208 2426 407 2467 coniugalis,
435 2425 588 2466 vidualis,

257 2475 402 2508 Matrum
435 2475 556 2507 munda
582 2473 726 2513 castitas,

821 1603 837 1634 1
855 1602 887 1635 b.
917 1603 1019 1634 Nobis
1046 1604 1132 1643 pium
1160 1613 1198 1635 ac
1224 1604 1397 1644 placatum,

916 1651 1017 1682 Nobis
1044 1652 1172 1692 mitem,
1210 1662 1271 1684 non
1300 1653 1426 1694 iratum,

963 1699 1064 1731 Nobis
1093 1701 1145 1731 det
1172 1701 1358 1740 propitium.

815 1796 835 1827 2
851 1795 882 1827 b.
918 1795 1019 1828 Nobis
1045 1797 1115 1828 sitis
1141 1797 1306 1829 adiutores

913 1843 955 1875 Et
983 1844 1112 1885 benigni
1139 1845 1324 1878 defensores

961 1893 1003 1925 Et
1031 1894 1185 1925 caelestes
1212 1896 1340 1928 medici.

815 1989 880 2023 3b.
912 1991 970 2030 Qui
998 2001 1058 2030 pro
1085 1991 1213 2024 Christo
1241 1993 1426 2031 pertulistis

912 2039 953 2070 Et
981 2040 1119 2071 victores
1146 2040 1327 2075 exstitistis.

960 2087 1118 2119 Praebete
1145 2089 1355 2128 praesidium.

816 2185 836 2216 4
852 2183 882 2216 b.
917 2184 1034 2217 Omnes
1061 2185 1165 2216 saneti
1191 2185 1402 2224 consessores,

911 2232 988 2264 Sitis
1015 2233 1107 2264 nobis
1134 2233 1166 2264 in
1186 2238 1326 2275 tutores,

960 2281 1038 2313 Sitis
1065 2281 1096 2312 in
1124 2281 1278 2314 subsidio.

813 2379 831 2409 5
849 2377 879 2409 b.
912 2377 1029 2410 Omnes
1056 2378 1149 2409 simul
1175 2382 1324 2420 sanctae,
1353 2380 1423 2411 sitis

910 2426 1109 2467 Adiutrices‚
1137 2430 1173 2457 ut
1199 2428 1330 2466 possitis

958 2474 1046 2506 Dare
1073 2475 1166 2506 sedes
1195 2475 1332 2508 debitas.

1207 2530 1249 2559 2*
