1655 2713
753 173 916 208 -290
969 191 1010 196 —

254 282 314 314 ssa.
346 280 449 312 Boves
476 277 571 318 clepit
598 274 650 307 fur
675 281 819 310 vesanu5‚
937 269 1000 303 9b.
1032 268 1133 300 Reum
1164 264 1242 298 furti
1268 273 1302 296 se
1329 262 1449 295 fatetur

351 329 533 360 Insensatus
560 328 589 355 et
616 321 783 362 profanus,
1033 316 1075 348 Et
1102 313 1198 346 fateri
1223 323 1284 345 non
1313 315 1451 349 veretur,

351 377 454 416 Super
480 372 592 413 quibus
621 371 770 402 vivianus
1034 364 1116 396 Dum
1143 363 1176 394 in
1202 362 1272 393 loco
1299 361 1472 397 detinetur,

399 423 544 454 Tolosam
572 421 779 459 pervenera13
1081 413 1148 452 Quo
1175 409 1295 442 furtum
1321 407 1534 440 commiserat.

240 512 320 544 lOa.
347 508 540 548 Applicante
566 509 742 536 mercatore
920 501 961 532 10
973 499 1005 533 b.
1039 498 1100 529 Per
1125 497 1269 528 ordinem
1297 504 1362 527 rem
1389 494 1527 525 scientes

354 556 496 588 Pretioso
524 563 591 585 cum
618 560 729 584 cruore
1038 545 1186 578 Civitatis
1212 545 1374 584 sapientes

353 604 520 637 vivianum
544 611 613 633 cum
639 605 777 631 tremore
1038 593 1201 632 Reliquias
1228 595 1420 632 reponentes

401 652 577 683 Daemones
605 648 791 685 vociferaut,
1088 641 1179 673 Diem
1206 639 1322 671 festum
1347 639 1478 671 iterant.

236 742 273 773 11
291 750 318 772 a.
351 740 427 771 Post
437 739 515 769 haec
525 737 662 775 migrans
673 744 711 766 cx
722 735 782 766 hac
792 734 858 765 vita
918 731 959 764 11
974 730 1004 763 b.
1037 729 1088 761 Ad
1103 737 1192 768 quas,
1208 727 1270 768 pie,
1287 735 1354 760 nos,
1370 723 1545 762 confessor,

353 786 476 818 Fidelis
502 784 647 816 Israelita
1039 777 1135 809 Stans
1156 785 1214 816 pro
1233 774 1324 807 nobis
1342 774 1546 810 intercessor,

402 833 540 866 Intravit
567 832 607 862 ad
635 830 774 869 nuptias,
1090 823 1262 857 Pervenire
1289 821 1398 853 facias.

314 920 396 946 Miss.
422 919 626 945 Xanctonensv
650 917 717 950 imp.
741 914 866 940 Parisiis
891 910 972 939 1491.
994 925 1031 930 -
1055 910 1105 943 la,
1127 908 1144 936 2
1167 909 1387 936 Solleinuizant.
1405 920 1441 925 -
1466 903 1546 939 1b‚l

242 957 419 985 collaudant.
441 970 476 974 —·
497 954 550 985 21),
575 954 588 980 1
613 954 730 989 regulis.
752 966 787 970 —-
810 950 860 983 3³,
885 950 897 978 1
920 951 998 977 Diei.
1013 964 1049 969 —
1069 947 1113 975 3b
1144 947 1279 975 ‘ZTotum
1302 947 1385 982 fugit.
1399 959 1437 963 —
1458 942 1509 975 6a,
1533 941 1550 969 2

236 998 269 1023 In
290 996 432 1023 discretis.

647 1122 712 1152 327.
755 1120 796 1150 De
819 1120 928 1150 sancta
949 1117 1132 1155 Walburga.

265 1226 325 1258 Ia.
357 1222 557 1262 virginitatis
582 1221 650 1252 lilio
947 1217 1009 1250 lb.
1042 1216 1087 1248 Ut
1114 1216 1155 1246 sit
1180 1215 1327 1246 miranda
1353 1213 1489 1246 saeculis

357 1271 535 1311 sponsatur
560 1269 619 1300 Dei
644 1268 710 1299 filio
1043 1263 1146 1296 Claris
1172 1264 1333 1303 signorum
1361 1261 1475 1293 titulis.

406 1318 592 1358 Walpurga,
620 1316 702 1355 regis
729 1315 804 1351 filia,
1091 1310 1244 1343 Defertur
1277 1310 1377 1340 honor
1403 1309 1548 1348 caelitus,

408 1366 534 1397 Ducens
555 1373 653 1403 genus
671 1363 711 1394 ab
731 1362 857 1402 Anglia.
1090 1359 1177 1390 Nulli
1219 1357 1377 1389 secundus
1410 1356 1549 1388 habitus.

265 1455 323 1485 2a.
355 1452 437 1483 Dum
468 1450 583 1480 mensis
608 1449 714 1479 lumen
743 1446 860 1487 deficit,
945 1445 1006 1479 ib.
1044 1445 1141 1476 Sanat
1177 1452 1304 1483 aegram
1337 1443 1552 1483 desperatam,

361 1500 409 1530 De
435 1498 522 1529 caelo
550 1497 655 1528 lumen
682 1495 779 1533 elicit,
1042 1492 1232 1532 Sepulturae
1259 1491 1465 1528 destinatam,

411 1546 513 1585 Negat
539 1549 644 1576 custos
671 1543 834 1581 ecclesiae,
1094 1540 1176 1571 Dum
1204 1539 1370 1570 blanditur
1397 1538 1484 1569 canis
1510 1538 1550 1576 ei,

410 1593 554 1625 Mutatur
580 1601 640 1623 nox
667 1590 811 1623 meridie.
1095 1588 1187 1619 Ponit
1214 1587 1341 1618 modum
1370 1586 1482 1618 rabiei.

268 1682 286 1711 :3
298 1689 325 1711 a,
358 1679 399 1711 Ut
428 1677 516 1709 nefas
543 1677 661 1716 plectat
689 1676 834 1715 turpiter,
949 1674 1011 1706 3b.
1041 1673 1150 1705 Mutus
1172 1670 1276 1711 fatur,
1308 1672 1424 1703 surdus
1450 1671 1551 1711 audit,

359 1727 430 1758 Duo
457 1726 627 1757 cohaerent
653 1723 789 1763 fortiter,
1045 1721 1406 1756 Caecusvidet,1nancus
1416 1720 1553 1760 plaudit,

414 1774 496 1805 Dum
531 1772 653 1803 occisus
687 1770 865 1802 homicidae
1097 1769 1235 1800 Curatur
1261 1768 1417 1807 epilensia

415 1821 535 1852 Vulnus
561 1819 687 1858 excepit
712 1817 845 1858 perfide,
1097 1817 1138 1847 Et
1166 1817 1268 1847 minor
1293 1816 1477 1856 apoplexia.

270 1909 329 1940 4a.
360 1907 446 1939 Mira
472 1915 532 1946 res,
559 1915 671 1946 aegros
697 1908 787 1936 sanat
952 1903 1013 1935 4b.
1046 1902 1139 1942 Signa
1168 1903 1296 1933 vincunt
1324 1910 1489 1933 numerum

369 1988 373 1994 ,
418 1954 583 1987 Unctionis
608 1953 704 1992 stilla,
1099 1950 1202 1990 Digna
1230 1951 1399 1987 recenseri,

364 2004 450 2042 Quae
476 2001 612 2033 salubris
639 2005 761 2032 emanat
1044 1998 1133 2030 Sicut
1159 2002 1261 2029 motus
1287 1998 1428 2030 siderum

415 2049 558 2090 Virginis
584 2049 734 2080 mamilla.
1098 2046 1216 2086 Nequit
1243 2046 1401 2079 exhiberi.

614 2136 646 2167 5.
687 2135 761 2175 Ora,
794 2135 891 2174 virgo,
920 2134 1085 2174 virginem,

737 2183 874 2214 Matrem
900 2182 1010 2223 sponsi
1034 2182 1093 2221 tui,

693 2231 735 2263 Ut
762 2230 916 2262 concedat
941 2230 1099 2261 hominem

740 2278 895 2311 Castitate
921 2277 995 2311 frui.

324 2365 406 2391 Miss.
434 2374 486 2391 ms.
508 2364 687 2391 Eistettense
711 2373 786 2391 saec.
811 2362 853 2391 15.
877 2363 947 2391 Cod.
970 2363 1059 2391 civit.
1086 2363 1315 2399 Nurembergen.
1338 2363 1379 2390 IV
1400 2362 1446 2391 86.
1469 2365 1504 2392 A.
1526 2380 1562 2384 —

248 2404 330 2430 Miss.
353 2413 403 2430 ηις.
419 2403 597 2430 Eistettense
619 2411 694 2430 saec.
711 2402 755 2430 15.
770 2402 842 2431 Clm.
860 2403 1013 2430 Mouaeen.
1027 2399 1135 2430 23054.
1148 2402 1180 2428 Β.
1191 2416 1230 2420 —-
1244 2402 1367 2430 Missale
1381 2402 1563 2432 Eistetteuse

247 2444 313 2477 imp.
338 2442 366 2468 in
384 2442 499 2476 Eystett
523 2440 602 2470 1494.
619 2443 650 2470 C.
663 2457 698 2460 —
713 2442 835 2470 Missale
850 2441 1028 2469 Eistettense
1050 2442 1120 2477 imp.
1136 2441 1356 2476 Nurenibergae
1380 2441 1462 2470 1517.
1478 2443 1564 2471 D.—

246 2480 298 2513 2a,
322 2479 340 2507 4
353 2482 483 2507 Mutatur
503 2489 560 2507 vox
575 2481 617 2515 Ας
638 2482 770 2508 Mutatur
790 2481 841 2508 lux
855 2481 888 2507 B.
904 2495 939 2499 —
955 2477 1006 2512 2b,
1027 2478 1046 2507 4
1067 2479 1181 2507 medum
1198 2481 1229 2507 B.
1246 2495 1284 2498 —
1298 2478 1317 2507 4
1328 2480 1356 2513 b,
1377 2478 1395 2508 3
1410 2481 1514 2510 modus
1530 2483 1564 2510 A.
