1655 2713
201 241 283 273 loa.

200 471 281 503 lla.

196 709 277 740 l2a.

319 241 388 272 Hoc
415 242 556 281 praemia

319 298 377 328 per
401 290 561 322 Christum
587 291 662 322 data

319 338 350 368 in
377 346 455 376 pace
481 343 663 370 meruerunt

316 390 454 426 aeterna,

318 471 484 510 Supplices
510 472 574 502 illis

316 528 390 558 ergo
419 528 530 558 preces
557 518 726 552 fundamus

316 567 426 604 dignas
454 567 550 597 tantis

312 614 521 653 adiutoribus,

312 708 427 740 Sancte
452 710 600 742 Arthemi

312 760 342 786 et
370 757 503 789 Paulina
531 758 621 799 virgo

311 808 340 834 et
366 814 384 835 o
411 804 568 845 Candida,

311 856 416 882 vestra
442 852 532 883 nobis
557 856 688 884 aeterna

310 899 479 938 impetrate
505 900 631 941 gaudia,

592 997 645 1028 13.
681 996 752 1027 Hoc
776 996 831 1027 isti
857 1002 1015 1038 martyres

684 1044 775 1075 nobis
805 1046 1023 1084 praestabunt.

740 145 977 180 -58-

888 244 930 276 10
942 242 974 276 b.
1009 243 1054 275 Et
1077 251 1186 275 eorum

885 472 969 506 11b.

883 713 923 745 12
938 712 966 744 b.

1005 291 1076 331 pias
1101 291 1223 324 animas

1003 339 1107 379 angeli
1136 340 1352 380 deportarunt

1002 387 1043 419 ad
1072 387 1185 420 Deum.

1005 473 1065 512 Qui
1092 473 1221 506 Christo
1247 475 1315 515 regi

1002 526 1033 552 et
1059 522 1211 561 magistro
1236 523 1320 554 uniti

997 569 1176 608 gloriantur

1001 617 1033 648 in
1061 618 1265 650 caelestibus.

1003 713 1046 745 Ut
1073 713 1113 744 ad
1142 713 1286 746 bravium

998 761 1147 800 perducti
1173 771 1351 801 supernum

997 809 1108 840 laudes
1135 809 1260 842 debitas

997 865 1066 887 cum
1092 857 1214 895 angelis
1240 860 1463 897 persolvamus

994 903 1209 939 ineffabiliter.

266 1135 424 1162 Collectan.
453 1146 502 1162 ms.
527 1137 728 1164 Placentinum
759 1147 833 1165 saec.
858 1137 930 1166 ¹²1‘13.
960 1139 1030 1167 cod.
1053 1141 1148 1176 Capit.
1171 1142 1335 1170 Placentini
1364 1143 1409 1172 65.
1451 1147 1515 1173 Mit

188 1173 620 1238 gelgltlielgasscsctssldentana.
647 1191 680 1194 —
713 1175 786 1209 lob,
814 1175 832 1204 3
857 1177 1095 1212 deportaverunt.
1122 1195 1154 1199 —
1182 1181 1333 1209 Abschrift
1353 1192 1413 1210 von
1434 1185 1507 1211 Rev.

213 1469 270 1501 la.

209 1659 268 1690 2a.

206 1850 264 1882 3a.

204 2042 263 2072 4a.

199 2328 259 2360 52.

486 1351 531 1381 55.
574 1353 616 1382 De
638 1361 678 1383 ss,
700 1353 870 1392 Arthemio‚
892 1355 1037 1393 Candida,
1059 1357 1202 1390 Paulina.

303 1468 487 1500 Hodiernae
512 1469 566 1500 lux
594 1470 656 1501 diei

898 1473 958 1505 1b.
994 1474 1044 1505 Ex
1069 1475 1184 1507 affectu
1210 1477 1278 1509 laus
1304 1481 1461 1518 perennis

306 1515 406 1546 Nobis
432 1516 465 1547 in
491 1516 550 1547 hac
576 1519 687 1549 matris
714 1518 765 1550 dei

352 1563 487 1603 Fuigeat
513 1565 667 1605 ecclesias,

305 1659 394 1689 Haec
420 1664 467 1690 est
493 1660 560 1691 dies
586 1666 776 1701 praeoptata
895 1664 958 1696 2b.

303 1706 345 1737 Et
371 1716 389 1737 a
415 1707 542 1739 Christo
568 1714 754 1741 consecrata

349 1755 386 1785 In
413 1759 593 1786 sanctoruni
620 1758 783 1796 sanguine,

301 1849 377 1881 Cum
398 1849 545 1888 Serenus,
573 1851 623 1882 vir
640 1851 805 1892 profanus,
895 1856 914 1888 3
926 1855 957 1888 b.

301 1897 434 1929 Sanctos
458 1903 553 1936 artat,
581 1900 677 1930 corde
695 1910 804 1943 vanus,

348 1945 492 1977 Carceris
518 1948 675 1986 angustia,

300 2040 410 2072 Credit
437 2042 634 2082 Arthemius,

346 2087 488 2120 Coniunx
516 2089 696 2130 confitetur,

296 2135 467 2168 Liberatur
490 2136 568 2179 filia,

345 2183 503 2216 Numerus
528 2192 663 2226 augetur

891 2047 952 2080 4b.

393 2232 553 2264 Christum
577 2233 803 2270 confitentium.

291 2327 504 2360 Trucidantes
530 2331 658 2362 tandem
683 2331 764 2363 tenti
888 2334 950 2367 5b.

290 2375 358 2407 Nec
383 2375 504 2410 inferre
531 2379 593 2409 vim
619 2380 768 2411 tormenti

340 2424 465 2457 Sanctis
489 2431 609 2466 queunt
633 2427 750 2467 libere3

994 1522 1132 1554 Iteretur
1157 1529 1188 1554 et
1214 1526 1368 1558 sollennis

1041 1571 1076 1602 ln
1104 1572 1238 1603 excelsis
1264 1574 1375 1613 gloria.

997 1666 1066 1704 Qui,
1096 1667 1169 1698 dum
1197 1669 1302 1700 verbis
1321 1672 1513 1705 exorcistae·

991 1712 1144 1754 Credunt,
1169 1715 1250 1747 fiunt
1275 1719 1442 1757 agonistae

1037 1761 1129 1794 Celso
1155 1762 1228 1795 fulti
1254 1767 1393 1799 numine.

994 1856 1106 1889 Custos
1133 1859 1217 1890 ridet
1242 1861 1274 1892 in
1302 1863 1460 1903 doctrina,

988 1905 1077 1944 Quod
1105 1907 1239 1940 miratur
1263 1909 1295 1940 in
1323 1911 1465 1944 Paulina

1034 1953 1112 1984 Post
1137 1960 1250 1988 sanata
1276 1957 1352 1993 filia.

991 2048 1058 2079 Hos
1086 2049 1222 2083 Serenus
1248 2055 1396 2088 saeviens

1035 2097 1127 2128 Iubet
1153 2099 1324 2140 immolari,

986 2143 1147 2177 Ruderum
1176 2150 1356 2189 congeriem

1033 2193 1196 2234 Praecipit
1217 2199 1324 2237 aptari

1080 2241 1116 2273 In
1143 2243 1254 2276 horum
1280 2247 1424 2282 exitium.

986 2335 1049 2368 Sed
1073 2340 1213 2378 peractis
1232 2338 1295 2384 [his
1314 2347 1502 2390 tormentis]

983 2384 1203 2427 Relaxantur3
1231 2399 1292 2422 non
1320 2395 1459 2427 retentis

1030 2433 1180 2467 Manibus
1204 2447 1223 2468 a
1248 2440 1371 2473 scelere
