1655 2713
754 155 1012 191 -246—

933 251 996 286 5b.
1027 252 1143 285 Cervix
1171 251 1238 283 eius
1264 253 1314 282 est
1337 249 1477 290 abscisa,

1029 300 1073 332 Et
1098 300 1208 332 volare
1233 298 1309 330 hinc
1334 302 1384 330 est
1409 297 1482 330 visa

1076 347 1266 380 Columbina
1291 346 1428 386 species.

246 259 308 293 5b.
339 258 500 292 Decollari
527 266 595 289 cum
622 256 756 296 iubetur,

343 308 387 341 Ut
413 306 538 347 tyranni
565 304 697 336 satietur

389 354 562 385 Inhumana
588 351 702 390 rabies,

935 434 997 468 6b.
1029 435 1126 468 Cuius
1152 442 1249 475 prece
1275 433 1344 466 Deo
1370 436 1462 473 grata

1029 482 1119 515 Stola
1146 482 1231 514 vitae
1257 481 1326 514 Deo
1352 481 1429 514 data

1078 530 1228 562 Vivamus
1253 530 1287 561 in
1312 529 1450 563 saecula.

246 445 265 473 6
281 450 308 471 a.
340 441 454 473 Aulam
481 439 559 470 caeli
585 437 711 469 scandit
735 436 790 475 ita,

341 488 376 520 In
401 497 462 527 qua
487 495 562 518 vera
586 485 671 525 viget
696 484 762 516 vita

386 535 470 566 Luce
495 534 622 566 fervens
647 532 770 571 sedula,

302 619 455 654 Appendix
477 627 528 645 nis.
551 626 625 644 saec.
650 615 692 644 16.
715 620 781 652 post
801 616 884 643 Miss.
905 617 1085 643 Belvacense
1106 616 1175 651 imp.
1190 615 1367 651 Rothomagi
1392 613 1474 641 1514.
1496 613 1543 646 (In

226 658 300 685 Bibl.
323 656 594 692 Sangenovefiana).
609 670 643 674 -—
660 655 712 687 3a,
735 652 752 681 3
774 655 930 687 subdibus;
953 663 988 681 zu
1009 652 1061 686 3a,
1083 652 1100 680 2
1121 662 1149 681 u.
1171 652 1188 681 :3
1209 654 1267 688 vgl.
1288 655 1319 680 in
1339 654 1391 680 der
1405 653 1543 689 Sequenz

224 696 313 730 „Per
334 697 448 722 unius
469 703 590 721 casum
612 692 736 729 grani“
758 693 854 725 (Anal.
875 693 985 728 Hymn.
1007 692 1151 724 XXXIX,
1178 693 1229 720 Nr.
1251 690 1316 722 286,
1338 691 1466 727 Strophe
1487 689 1543 724 8b,

222 733 252 760 1:
286 733 395 767 „Sudes
423 733 491 760 ferri
517 736 605 759 suunt
630 732 783 767 dorsum“;
812 731 978 767 iiberhaupt
1005 731 1071 758 sind
1095 730 1217 758 manche
1236 729 1467 766 Eutlehnungen
1488 738 1542 757 aus

219 773 355 799 letzterer
370 772 511 807 Sequenz.
526 786 562 789 -—
577 766 719 798 [⁷herdies
743 770 808 797 sind
830 770 877 797 die
891 771 963 797 zwei
978 772 1074 796 ersten
1090 769 1235 805 Strophen
1249 769 1307 796 fast
1321 768 1543 806 gleichlautend

218 812 271 837 mit
293 810 357 837 dem
379 810 514 845 Anfange
537 809 587 836 der
602 809 733 844 Sequeuz
757 809 888 843 „Pater
908 809 1063 835 verbum
1085 807 1297 835 e1·uetavit“
1317 807 1415 838 (Anal.
1430 808 1541 843 Hymn-

218 849 280 881 XL,
304 849 354 875 Nr.
378 846 449 879 184).

653 951 717 980 277.
759 949 799 981 De
822 950 930 980 saneto
951 948 1088 985 Quirino.

631 1040 662 1075 1.
690 1039 762 1080 Eia,
788 1039 984 1071 celebremus
1010 1039 1106 1071 hodie

692 1087 786 1119 laude
812 1087 907 1127 digna

243 1174 302 1204 221.

244 1354 303 1384 3a.
336 1352 487 1385 Credenti
513 1353 630 1392 populo
928 1353 992 1387 3b.
1024 1354 1166 1394 Reliquit
1193 1355 1280 1388 idola
1307 1358 1315 1365 '

336 1400 405 1430 luce
432 1399 554 1440 fulgens
1024 1402 1130 1433 colens
1157 1403 1318 1436 Christum

335 1447 511 1479 clarissima
1021 1454 1127 1481 mente
1152 1460 1244 1490 pura,

333 1504 415 1526 nova
440 1495 567 1527 reduxit
593 1496 717 1536 gaudia.
1023 1507 1082 1538 per
1107 1508 1199 1538 quern
1226 1499 1378 1539 peribunt
1402 1503 1540 1534 mortua.

240 1582 298 1612 421.
332 1580 436 1612 Gemit
462 1582 564 1613 victus
927 1583 990 1618 4b.
1021 1584 1078 1616 Vir
1105 1585 1231 1618 divinus

332 1628 432 1660 hostis
456 1630 612 1669 antiquus,
1024 1637 1152 1664 sanctus
1175 1634 1326 1673 Quirinus

334 1676 441 1708 dolose
467 1678 609 1716 quaesita
1022 1689 1080 1720 per
1106 1686 1265 1715 tormenta
1292 1683 1373 1714 caeli

334 1724 440 1763 perdit
464 1725 577 1763 spolia.
1021 1729 1089 1760 adit
1115 1730 1242 1770 gaudia.

240 1810 299 1840 53.
332 1809 445 1861 Cantet
471 1810 500 1840 in
529 1810 588 1841 hac
614 1810 665 1842 die
926 1813 989 1846 5b.
1021 1815 1102 1854 Quia
1127 1821 1196 1848 erat
1221 1826 1304 1857 pene

333 1860 455 1887 cantica
1023 1864 1162 1903 perdita,

336 1903 428 1942 plebs
454 1904 589 1937 Nussiae
616 1906 775 1949 caelestia,
1023 1911 1080 1942 sed
1099 1912 1216 1944 victrix
1234 1923 1318 1946 nunc
1331 1919 1380 1947 est
1395 1916 1538 1948 inventa.

240 1988 298 2019 6a.
330 1988 355 2020 O
381 1998 487 2029 pugna
513 1990 636 2028 Quirini
927 1994 990 2028 6b.
1023 1996 1125 2028 Deum
1152 1999 1285 2032 laudent
1311 2011 1396 2034 nunc
1422 2011 1481 2044 per

334 2035 437 2078 beata,
1021 2046 1127 2077 omnia

336 2093 397 2123 qua
422 2085 588 2125 redempta
615 2083 689 2129 [est]
710 2086 840 2119 Nussia!
1022 2094 1182 2126 masculus
1208 2100 1304 2136 atque
1329 2097 1458 2133 femina.

241 2169 297 2201 7a.
328 2169 490 2202 Mirabilis
517 2171 679 2210 Quirinus,
926 2176 986 2209 7b.
1019 2177 1226 2213 Fortissimus
1252 2192 1382 2217 suorum

333 2226 390 2249 nos
417 2222 451 2249 ut
477 2218 577 2258 quiris
604 2219 730 2251 divinus
1019 2226 1174 2260 liberator
1199 2239 1374 2270 servorum,

333 2263 520 2307 defendens,
546 2272 581 2298 ut
607 2273 784 2308 consuerat,
1021 2283 1099 2313 quos
1127 2277 1252 2309 adiuvit
1277 2282 1381 2319 gratia

333 2313 486 2353 pandens,
514 2315 598 2354 quod
624 2319 693 2347 erat
1021 2321 1061 2353 de
1087 2324 1176 2356 caelo
1202 2324 1299 2360 facta.

237 2398 296 2431 8a.
329 2398 469 2431 Perdere
495 2400 579 2432 venit
604 2400 705 2433 hostis
924 2405 943 2438 8
961 2404 992 2439 b.
1024 2407 1171 2441 Adduxit
1198 2409 1295 2444 fortia
1321 2419 1428 2450 castra

337 1172 444 1204 Sancti
469 1173 600 1213 Quirini,
629 1173 778 1212 martyris

337 1220 475 1260 gloriosi,

338 1268 504 1299 sollemnia
530 1269 718 1308 gratissima.

331 2455 454 2487 saevus,
480 2457 558 2488 quos
584 2449 737 2488 voluerat,

929 1172 992 1205 2b.

1023 1173 1085 1204 Hic
1111 1173 1160 1204 vir
1185 1173 1303 1205 nobilis
1329 1174 1495 1206 Romanus

1026 1225 1139 1252 cuneta
1165 1221 1269 1253 vitans

1024 1268 1179 1308 perfidiae
1203 1269 1398 1309 umbracula,

1023 2462 1093 2486 cum
1121 2459 1236 2497 grandi
1261 2467 1426 2498 armatura
1437 2475 1446 2509 3
