<?xml version="1.0" encoding="UTF-8"?>
<!DOCTYPE html PUBLIC "-//W3C//DTD XHTML 1.0 Transitional//EN"
    "http://www.w3.org/TR/xhtml1/DTD/xhtml1-transitional.dtd">
<html xmlns="http://www.w3.org/1999/xhtml" xml:lang="en" lang="en">
 <head>
  <title>
</title>
<meta http-equiv="Content-Type" content="text/html;charset=utf-8" />
  <meta name='ocr-system' content='tesseract 3.04.00' />
  <meta name='ocr-capabilities' content='ocr_page ocr_carea ocr_par ocr_line ocrx_word'/>
</head>
<body>
  <div class='ocr_page' id='page_1' title='image "./analectahymnica44drevuoft_0064.png"; bbox 0 0 1655 2713; ppageno 0'>
   <div class='ocr_carea' id='block_1_1' title="bbox 146 159 1459 1134">
    <p class='ocr_par' dir='ltr' id='par_1_1' title="bbox 146 159 1459 1134">
     <span class='ocr_line' id='line_1_1' title="bbox 672 159 909 194; baseline 0.008 -12"><span class='ocrx_word' id='word_1_1' title='bbox 672 179 718 183; x_wconf 82' lang='grc'><strong>.-.</strong></span> <span class='ocrx_word' id='word_1_2' title='bbox 768 159 812 194; x_wconf 81' lang='grc'><strong>6]</strong></span> <span class='ocrx_word' id='word_1_3' title='bbox 866 179 909 184; x_wconf 76' lang='lat'>—</span> 
     </span>
     <span class='ocr_line' id='line_1_2' title="bbox 146 253 1158 292; baseline 0.001 -8"><span class='ocrx_word' id='word_1_4' title='bbox 146 253 208 285; x_wconf 70' lang='grc'><strong>68.</strong></span> <span class='ocrx_word' id='word_1_5' title='bbox 243 254 444 292; x_wconf 80' lang='lat' dir='ltr'><strong>Augustinus</strong></span> <span class='ocrx_word' id='word_1_6' title='bbox 846 254 909 288; x_wconf 87' lang='lat' dir='ltr'><strong>6b.</strong></span> <span class='ocrx_word' id='word_1_7' title='bbox 946 254 1004 286; x_wconf 85' lang='lat' dir='ltr'><strong>Vir</strong></span> <span class='ocrx_word' id='word_1_8' title='bbox 1031 254 1158 286; x_wconf 89' lang='lat' dir='ltr'><strong>divinus</strong></span> 
     </span>
     <span class='ocr_line' id='line_1_3' title="bbox 243 299 1148 342; baseline 0 -10"><span class='ocrx_word' id='word_1_9' title='bbox 243 299 342 334; x_wconf 90' lang='lat' dir='ltr'><strong>Nullo</strong></span> <span class='ocrx_word' id='word_1_10' title='bbox 368 302 474 335; x_wconf 90' lang='lat' dir='ltr'><strong>minus</strong></span> <span class='ocrx_word' id='word_1_11' title='bbox 940 303 1034 342; x_wconf 89' lang='lat' dir='ltr'><strong>Ipsos</strong></span> <span class='ocrx_word' id='word_1_12' title='bbox 1060 302 1148 333; x_wconf 83' lang='lat' dir='ltr'><strong>sinus</strong></span> 
     </span>
     <span class='ocr_line' id='line_1_4' title="bbox 290 349 1158 382; baseline -0.002 0"><span class='ocrx_word' id='word_1_13' title='bbox 290 349 370 382; x_wconf 84' lang='lat' dir='ltr'><strong>Alta</strong></span> <span class='ocrx_word' id='word_1_14' title='bbox 394 351 478 382; x_wconf 86' lang='lat' dir='ltr'><strong>vidit</strong></span> <span class='ocrx_word' id='word_1_15' title='bbox 989 350 1158 382; x_wconf 85' lang='lat' dir='ltr'><strong>Coaeterni</strong></span> 
     </span>
     <span class='ocr_line' id='line_1_5' title="bbox 292 397 1220 430; baseline -0.001 -1"><span class='ocrx_word' id='word_1_16' title='bbox 292 397 362 429; x_wconf 83' lang='lat' dir='ltr'><strong>Nec</strong></span> <span class='ocrx_word' id='word_1_17' title='bbox 387 398 506 430; x_wconf 89' lang='lat' dir='ltr'><strong>invidit</strong></span> <span class='ocrx_word' id='word_1_18' title='bbox 990 397 1097 430; x_wconf 86' lang='lat' dir='ltr'><strong>Patris</strong></span> <span class='ocrx_word' id='word_1_19' title='bbox 1132 397 1220 428; x_wconf 82' lang='lat' dir='ltr'><strong>verbi</strong></span> 
     </span>
     <span class='ocr_line' id='line_1_6' title="bbox 244 445 1195 479; baseline -0.003 0"><span class='ocrx_word' id='word_1_20' title='bbox 244 445 410 479; x_wconf 81' lang='lat' dir='ltr'>Caelestes</span> <span class='ocrx_word' id='word_1_21' title='bbox 436 450 543 478; x_wconf 87' lang='lat' dir='ltr'><strong>terrae</strong></span> <span class='ocrx_word' id='word_1_22' title='bbox 944 445 1051 477; x_wconf 83' lang='lat' dir='ltr'><strong>Verbo</strong></span> <span class='ocrx_word' id='word_1_23' title='bbox 1078 447 1195 477; x_wconf 84' lang='lat' dir='ltr'><strong>retexit</strong></span> 
     </span>
     <span class='ocr_line' id='line_1_7' title="bbox 244 492 1205 534; baseline 0 -9"><span class='ocrx_word' id='word_1_24' title='bbox 244 493 352 526; x_wconf 84' lang='lat' dir='ltr'><strong>Favos</strong></span> <span class='ocrx_word' id='word_1_25' title='bbox 379 492 538 534; x_wconf 81' lang='lat' dir='ltr'><strong>proferre,</strong></span> <span class='ocrx_word' id='word_1_26' title='bbox 943 493 987 525; x_wconf 88' lang='lat' dir='ltr'><strong>Et</strong></span> <span class='ocrx_word' id='word_1_27' title='bbox 1012 494 1205 533; x_wconf 82' lang='lat' dir='ltr'>introspexit</span> 
     </span>
     <span class='ocr_line' id='line_1_8' title="bbox 295 541 1346 574; baseline -0.002 0"><span class='ocrx_word' id='word_1_28' title='bbox 295 542 404 574; x_wconf 82' lang='lat' dir='ltr'><strong>Cinxit</strong></span> <span class='ocrx_word' id='word_1_29' title='bbox 418 542 450 574; x_wconf 90' lang='lat' dir='ltr'><strong>in</strong></span> <span class='ocrx_word' id='word_1_30' title='bbox 466 545 573 574; x_wconf 87' lang='lat' dir='ltr'><strong>mente</strong></span> <span class='ocrx_word' id='word_1_31' title='bbox 586 541 762 573; x_wconf 85' lang='lat' dir='ltr'><strong>thalamum</strong></span> <span class='ocrx_word' id='word_1_32' title='bbox 991 542 1166 574; x_wconf 84' lang='lat' dir='ltr'><strong>Mentualis</strong></span> <span class='ocrx_word' id='word_1_33' title='bbox 1192 541 1346 574; x_wconf 86' lang='lat' dir='ltr'><strong>acuminis</strong></span> 
     </span>
     <span class='ocr_line' id='line_1_9' title="bbox 342 589 1251 630; baseline -0.001 -8"><span class='ocrx_word' id='word_1_34' title='bbox 342 590 487 622; x_wconf 86' lang='lat' dir='ltr'><strong>scribens</strong></span> <span class='ocrx_word' id='word_1_35' title='bbox 517 589 625 623; x_wconf 78' lang='lat' dir='ltr'><strong>sortia.</strong></span> <span class='ocrx_word' id='word_1_36' title='bbox 1041 591 1251 630; x_wconf 83' lang='lat' dir='ltr'><strong>perspicacia.</strong></span> 
     </span>
     <span class='ocr_line' id='line_1_10' title="bbox 147 671 1100 711; baseline -0.004 -5"><span class='ocrx_word' id='word_1_37' title='bbox 147 674 206 706; x_wconf 75' lang='lat'><strong>72.</strong></span> <span class='ocrx_word' id='word_1_38' title='bbox 232 673 427 706; x_wconf 83' lang='lat' dir='ltr'><strong>Observavit</strong></span> <span class='ocrx_word' id='word_1_39' title='bbox 849 671 909 704; x_wconf 89' lang='lat' dir='ltr'><strong>7b.</strong></span> <span class='ocrx_word' id='word_1_40' title='bbox 946 672 1100 711; x_wconf 74' lang='lat' dir='ltr'><strong>&#39;l‘heologi</strong></span> 
     </span>
     <span class='ocr_line' id='line_1_11' title="bbox 295 721 1294 762; baseline -0.002 -9"><span class='ocrx_word' id='word_1_41' title='bbox 295 722 393 753; x_wconf 87' lang='lat' dir='ltr'><strong>vitam</strong></span> <span class='ocrx_word' id='word_1_42' title='bbox 419 721 630 762; x_wconf 84' lang='lat' dir='ltr'><strong>apostolicam</strong></span> <span class='ocrx_word' id='word_1_43' title='bbox 991 721 1162 759; x_wconf 84' lang='lat' dir='ltr'><strong>Augustini</strong></span> <span class='ocrx_word' id='word_1_44' title='bbox 1189 721 1294 752; x_wconf 88' lang='lat' dir='ltr'><strong>omnia</strong></span> 
     </span>
     <span class='ocr_line' id='line_1_12' title="bbox 244 768 1185 802; baseline -0.004 0"><span class='ocrx_word' id='word_1_45' title='bbox 244 770 414 802; x_wconf 86' lang='lat' dir='ltr'><strong>Literatim</strong></span> <span class='ocrx_word' id='word_1_46' title='bbox 944 768 1043 800; x_wconf 81' lang='lat' dir='ltr'><strong>Nulla</strong></span> <span class='ocrx_word' id='word_1_47' title='bbox 1070 768 1185 799; x_wconf 80' lang='lat' dir='ltr'><strong>clausit</strong></span> 
     </span>
     <span class='ocr_line' id='line_1_13' title="bbox 291 816 1323 858; baseline -0.003 -8"><span class='ocrx_word' id='word_1_48' title='bbox 291 818 423 858; x_wconf 87' lang='lat' dir='ltr'><strong>scripsit</strong></span> <span class='ocrx_word' id='word_1_49' title='bbox 453 821 486 849; x_wconf 90' lang='lat' dir='ltr'><strong>et</strong></span> <span class='ocrx_word' id='word_1_50' title='bbox 511 816 695 849; x_wconf 88' lang='lat' dir='ltr'><strong>canonicam</strong></span> <span class='ocrx_word' id='word_1_51' title='bbox 990 817 1127 856; x_wconf 79' lang='lat' dir='ltr'><strong>legentis</strong></span> <span class='ocrx_word' id='word_1_52' title='bbox 1154 817 1323 848; x_wconf 84' lang='lat' dir='ltr'><strong>industria.</strong></span> 
     </span>
     <span class='ocr_line' id='line_1_14' title="bbox 247 865 1209 906; baseline -0.003 -8"><span class='ocrx_word' id='word_1_53' title='bbox 247 866 385 906; x_wconf 88' lang='lat' dir='ltr'><strong>Scriptis</strong></span> <span class='ocrx_word' id='word_1_54' title='bbox 412 867 543 898; x_wconf 89' lang='lat' dir='ltr'><strong>vincens</strong></span> <span class='ocrx_word' id='word_1_55' title='bbox 944 865 979 896; x_wconf 92' lang='lat' dir='ltr'><strong>In</strong></span> <span class='ocrx_word' id='word_1_56' title='bbox 1007 865 1055 896; x_wconf 87' lang='lat' dir='ltr'><strong>his</strong></span> <span class='ocrx_word' id='word_1_57' title='bbox 1087 865 1209 896; x_wconf 81' lang='lat' dir='ltr'><strong>cunctis</strong></span> 
     </span>
     <span class='ocr_line' id='line_1_15' title="bbox 295 913 1385 955; baseline -0.003 -9"><span class='ocrx_word' id='word_1_58' title='bbox 295 915 498 955; x_wconf 87' lang='lat' dir='ltr'><strong>antiquorum</strong></span> <span class='ocrx_word' id='word_1_59' title='bbox 526 913 644 946; x_wconf 85' lang='lat' dir='ltr'><strong>studia.</strong></span> <span class='ocrx_word' id='word_1_60' title='bbox 992 913 1062 951; x_wconf 85' lang='lat' dir='ltr'><strong>tibi,</strong></span> <span class='ocrx_word' id='word_1_61' title='bbox 1091 913 1230 950; x_wconf 74' lang='lat' dir='ltr'><strong>Christe,</strong></span> <span class='ocrx_word' id='word_1_62' title='bbox 1262 913 1385 951; x_wconf 78' lang='lat' dir='ltr'><strong>gloria3</strong></span> 
     </span>
     <span class='ocr_line' id='line_1_16' title="bbox 153 993 1398 1038; baseline -0.004 -9"><span class='ocrx_word' id='word_1_63' title='bbox 153 998 210 1030; x_wconf 80' lang='lat' dir='ltr'><strong>Sa.</strong></span> <span class='ocrx_word' id='word_1_64' title='bbox 246 997 324 1038; x_wconf 85' lang='lat' dir='ltr'><strong>Fac,</strong></span> <span class='ocrx_word' id='word_1_65' title='bbox 354 997 451 1028; x_wconf 84' lang='lat' dir='ltr'><strong>ducat</strong></span> <span class='ocrx_word' id='word_1_66' title='bbox 477 997 518 1028; x_wconf 89' lang='lat' dir='ltr'><strong>ad</strong></span> <span class='ocrx_word' id='word_1_67' title='bbox 546 1000 577 1027; x_wconf 87' lang='lat' dir='ltr'><strong>te</strong></span> <span class='ocrx_word' id='word_1_68' title='bbox 603 996 737 1033; x_wconf 86' lang='lat' dir='ltr'><strong>meritis,</strong></span> <span class='ocrx_word' id='word_1_69' title='bbox 849 995 914 1028; x_wconf 81' lang='lat' dir='ltr'><strong>Sb.</strong></span> <span class='ocrx_word' id='word_1_70' title='bbox 950 996 1037 1034; x_wconf 86' lang='lat' dir='ltr'><strong>Quae</strong></span> <span class='ocrx_word' id='word_1_71' title='bbox 1065 994 1184 1031; x_wconf 79' lang='lat' dir='ltr'><strong>docuit,</strong></span> <span class='ocrx_word' id='word_1_72' title='bbox 1213 994 1254 1025; x_wconf 80' lang='lat' dir='ltr'><strong>da</strong></span> <span class='ocrx_word' id='word_1_73' title='bbox 1282 993 1398 1029; x_wconf 76' lang='lat' dir='ltr'><strong>facere,</strong></span> 
     </span>
     <span class='ocr_line' id='line_1_17' title="bbox 246 1043 1459 1086; baseline -0.004 -9"><span class='ocrx_word' id='word_1_74' title='bbox 246 1047 332 1086; x_wconf 84' lang='lat' dir='ltr'><strong>Quos</strong></span> <span class='ocrx_word' id='word_1_75' title='bbox 358 1045 464 1085; x_wconf 90' lang='lat' dir='ltr'><strong>pascit</strong></span> <span class='ocrx_word' id='word_1_76' title='bbox 490 1045 530 1076; x_wconf 86' lang='lat' dir='ltr'><strong>de</strong></span> <span class='ocrx_word' id='word_1_77' title='bbox 560 1048 592 1076; x_wconf 85' lang='lat' dir='ltr'><strong>te</strong></span> <span class='ocrx_word' id='word_1_78' title='bbox 618 1044 747 1076; x_wconf 84' lang='lat' dir='ltr'><strong>monitis</strong></span> <span class='ocrx_word' id='word_1_79' title='bbox 946 1044 1033 1082; x_wconf 83' lang='lat' dir='ltr'><strong>Quae</strong></span> <span class='ocrx_word' id='word_1_80' title='bbox 1047 1043 1159 1075; x_wconf 81' lang='lat' dir='ltr'><strong>cernit.</strong></span> <span class='ocrx_word' id='word_1_81' title='bbox 1175 1043 1459 1074; x_wconf 80' lang='lat' dir='ltr'><strong>tandemcernere.</strong></span> 
     </span>
     <span class='ocr_line' id='line_1_18' title="bbox 297 1091 1419 1134; baseline -0.003 -8"><span class='ocrx_word' id='word_1_82' title='bbox 297 1093 466 1134; x_wconf 87' lang='lat' dir='ltr'><strong>Seraphim</strong></span> <span class='ocrx_word' id='word_1_83' title='bbox 486 1102 617 1125; x_wconf 88' lang='lat' dir='ltr'><strong>consors</strong></span> <span class='ocrx_word' id='word_1_84' title='bbox 636 1092 760 1134; x_wconf 74' lang='lat' dir='ltr'><strong>anima3</strong></span> <span class='ocrx_word' id='word_1_85' title='bbox 995 1091 1092 1123; x_wconf 85' lang='lat' dir='ltr'><strong>Festa</strong></span> <span class='ocrx_word' id='word_1_86' title='bbox 1120 1092 1194 1124; x_wconf 88' lang='lat' dir='ltr'><strong>Sion</strong></span> <span class='ocrx_word' id='word_1_87' title='bbox 1223 1091 1419 1123; x_wconf 85' lang='lat' dir='ltr'><strong>dulcissima.</strong></span> 
     </span>
    </p>
   </div>
   <div class='ocr_carea' id='block_1_2' title="bbox 495 1175 1012 1304">
    <p class='ocr_par' dir='ltr' id='par_1_2' title="bbox 495 1175 1012 1304">
     <span class='ocr_line' id='line_1_19' title="bbox 495 1175 966 1216; baseline -0.011 -6"><span class='ocrx_word' id='word_1_88' title='bbox 495 1178 527 1210; x_wconf 87' lang='lat'><strong>9.</strong></span> <span class='ocrx_word' id='word_1_89' title='bbox 556 1177 618 1209; x_wconf 84' lang='lat' dir='ltr'><strong>Per</strong></span> <span class='ocrx_word' id='word_1_90' title='bbox 643 1175 818 1216; x_wconf 86' lang='lat' dir='ltr'><strong>Augustini</strong></span> <span class='ocrx_word' id='word_1_91' title='bbox 850 1175 966 1206; x_wconf 81' lang='lat' dir='ltr'><strong>merita</strong></span> 
     </span>
     <span class='ocr_line' id='line_1_20' title="bbox 555 1223 1012 1261; baseline -0.007 -5"><span class='ocrx_word' id='word_1_92' title='bbox 555 1225 622 1256; x_wconf 86' lang='lat' dir='ltr'><strong>Nos</strong></span> <span class='ocrx_word' id='word_1_93' title='bbox 649 1224 689 1256; x_wconf 89' lang='lat' dir='ltr'><strong>ad</strong></span> <span class='ocrx_word' id='word_1_94' title='bbox 718 1224 815 1256; x_wconf 86' lang='lat' dir='ltr'><strong>vitam</strong></span> <span class='ocrx_word' id='word_1_95' title='bbox 844 1223 1012 1261; x_wconf 73' lang='lat' dir='ltr'><strong>resuscita,</strong></span> 
     </span>
     <span class='ocr_line' id='line_1_21' title="bbox 605 1273 897 1304; baseline -0.003 0"><span class='ocrx_word' id='word_1_96' title='bbox 605 1273 748 1304; x_wconf 88' lang='lat' dir='ltr'><strong>Trinitas</strong></span> <span class='ocrx_word' id='word_1_97' title='bbox 775 1276 897 1304; x_wconf 83' lang='lat' dir='ltr'><strong>sancta.</strong></span> 
     </span>
    </p>
   </div>
   <div class='ocr_carea' id='block_1_3' title="bbox 204 1350 1462 1390">
    <p class='ocr_par' dir='ltr' id='par_1_3' title="bbox 204 1350 1462 1390">
     <span class='ocr_line' id='line_1_22' title="bbox 204 1350 1462 1390; baseline -0.005 -8"><span class='ocrx_word' id='word_1_98' title='bbox 204 1356 314 1390; x_wconf 86' lang='lat' dir='ltr'><strong>Hymn.</strong></span> <span class='ocrx_word' id='word_1_99' title='bbox 336 1358 365 1382; x_wconf 82' lang='lat' dir='ltr'><strong>et</strong></span> <span class='ocrx_word' id='word_1_100' title='bbox 387 1355 526 1390; x_wconf 80' lang='lat' dir='ltr'><strong>Sequent.</strong></span> <span class='ocrx_word' id='word_1_101' title='bbox 550 1363 603 1381; x_wconf 70' lang='grc' dir='ltr'><strong>τηε.</strong></span> <span class='ocrx_word' id='word_1_102' title='bbox 626 1354 737 1380; x_wconf 84' lang='lat' dir='ltr'><strong>Montis</strong></span> <span class='ocrx_word' id='word_1_103' title='bbox 760 1352 788 1379; x_wconf 85' lang='lat' dir='ltr'><strong>S.</strong></span> <span class='ocrx_word' id='word_1_104' title='bbox 811 1353 925 1379; x_wconf 81' lang='lat' dir='ltr'><strong>Mariae</strong></span> <span class='ocrx_word' id='word_1_105' title='bbox 948 1360 1024 1379; x_wconf 84' lang='lat' dir='ltr'><strong>saec.</strong></span> <span class='ocrx_word' id='word_1_106' title='bbox 1051 1350 1094 1378; x_wconf 78' lang='lat'><strong>14.</strong></span> <span class='ocrx_word' id='word_1_107' title='bbox 1110 1351 1180 1378; x_wconf 74' lang='lat' dir='ltr'><strong>Cod.</strong></span> <span class='ocrx_word' id='word_1_108' title='bbox 1198 1351 1462 1377; x_wconf 72' lang='lat' dir='ltr'><strong>Guelfenl,›11teran.</strong></span> 
     </span>
    </p>
   </div>
   <div class='ocr_carea' id='block_1_4' title="bbox 125 1388 1463 1466">
    <p class='ocr_par' dir='ltr' id='par_1_4' title="bbox 125 1388 1463 1466">
     <span class='ocr_line' id='line_1_23' title="bbox 125 1388 1463 1426; baseline -0.006 -4"><span class='ocrx_word' id='word_1_109' title='bbox 125 1394 224 1422; x_wconf 86' lang='lat' dir='ltr'><strong>Helm.</strong></span> <span class='ocrx_word' id='word_1_110' title='bbox 250 1392 333 1421; x_wconf 83' lang='lat'><strong>1340.</strong></span> <span class='ocrx_word' id='word_1_111' title='bbox 355 1408 384 1413; x_wconf 88' lang='lat'>—</span> <span class='ocrx_word' id='word_1_112' title='bbox 417 1392 465 1425; x_wconf 80' lang='lat' dir='ltr'><strong>la,</strong></span> <span class='ocrx_word' id='word_1_113' title='bbox 491 1392 504 1420; x_wconf 95' lang='lat' dir='ltr'><strong>l</strong></span> <span class='ocrx_word' id='word_1_114' title='bbox 527 1393 613 1420; x_wconf 85' lang='lat' dir='ltr'><strong>stola.</strong></span> <span class='ocrx_word' id='word_1_115' title='bbox 639 1407 672 1410; x_wconf 86' lang='lat'><strong>-—</strong></span> <span class='ocrx_word' id='word_1_116' title='bbox 694 1391 747 1424; x_wconf 79' lang='lat' dir='ltr'><strong>4a,</strong></span> <span class='ocrx_word' id='word_1_117' title='bbox 774 1390 786 1418; x_wconf 93' lang='lat'>1</span> <span class='ocrx_word' id='word_1_118' title='bbox 809 1392 960 1426; x_wconf 77' lang='lat' dir='ltr'><strong>Migravit.</strong></span> <span class='ocrx_word' id='word_1_119' title='bbox 988 1405 1021 1408; x_wconf 97' lang='lat'><strong>—</strong></span> <span class='ocrx_word' id='word_1_120' title='bbox 1043 1389 1094 1421; x_wconf 72' lang='lat'><strong>421,</strong></span> <span class='ocrx_word' id='word_1_121' title='bbox 1124 1388 1141 1416; x_wconf 85' lang='lat'>3</span> <span class='ocrx_word' id='word_1_122' title='bbox 1163 1389 1265 1417; x_wconf 83' lang='lat' dir='ltr'><strong>Dulce.</strong></span> <span class='ocrx_word' id='word_1_123' title='bbox 1292 1404 1328 1408; x_wconf 86' lang='lat'><strong>-—</strong></span> <span class='ocrx_word' id='word_1_124' title='bbox 1356 1388 1415 1416; x_wconf 57' lang='grc' dir='ltr'><strong>Η).</strong></span> <span class='ocrx_word' id='word_1_125' title='bbox 1446 1388 1463 1414; x_wconf 77' lang='lat'>4</span> 
     </span>
     <span class='ocr_line' id='line_1_24' title="bbox 125 1429 1162 1466; baseline -0.007 -5"><span class='ocrx_word' id='word_1_126' title='bbox 125 1433 226 1461; x_wconf 86' lang='lat' dir='ltr'><strong>Sonat.</strong></span> <span class='ocrx_word' id='word_1_127' title='bbox 248 1447 286 1452; x_wconf 94' lang='lat'><strong>—-</strong></span> <span class='ocrx_word' id='word_1_128' title='bbox 309 1430 362 1465; x_wconf 86' lang='lat' dir='ltr'><strong>8a,</strong></span> <span class='ocrx_word' id='word_1_129' title='bbox 386 1430 404 1459; x_wconf 84' lang='lat'>2</span> <span class='ocrx_word' id='word_1_130' title='bbox 426 1433 515 1466; x_wconf 82' lang='lat' dir='ltr'><strong>Quas.</strong></span> <span class='ocrx_word' id='word_1_131' title='bbox 538 1446 575 1450; x_wconf 94' lang='lat'>—</span> <span class='ocrx_word' id='word_1_132' title='bbox 597 1430 623 1463; x_wconf 64' lang='grc'><strong>9,</strong></span> <span class='ocrx_word' id='word_1_133' title='bbox 647 1429 664 1457; x_wconf 81' lang='lat'><strong>3</strong></span> <span class='ocrx_word' id='word_1_134' title='bbox 685 1431 718 1457; x_wconf 91' lang='lat' dir='ltr'><strong>L.</strong></span> <span class='ocrx_word' id='word_1_135' title='bbox 761 1430 786 1457; x_wconf 89' lang='lat' dir='ltr'>O</span> <span class='ocrx_word' id='word_1_136' title='bbox 810 1432 928 1456; x_wconf 77' lang='lat' dir='ltr'><strong>trinitas</strong></span> <span class='ocrx_word' id='word_1_137' title='bbox 952 1430 1162 1456; x_wconf 68' lang='lat' dir='ltr'><strong>sanctissima?</strong></span> 
     </span>
    </p>
   </div>
   <div class='ocr_carea' id='block_1_5' title="bbox 556 1542 1028 1582">
    <p class='ocr_par' dir='ltr' id='par_1_5' title="bbox 556 1542 1028 1582">
     <span class='ocr_line' id='line_1_25' title="bbox 556 1542 1028 1582; baseline -0.011 -6"><span class='ocrx_word' id='word_1_138' title='bbox 556 1545 604 1576; x_wconf 88' lang='lat'><strong>58.</strong></span> <span class='ocrx_word' id='word_1_139' title='bbox 647 1545 688 1575; x_wconf 83' lang='lat' dir='ltr'><strong>De</strong></span> <span class='ocrx_word' id='word_1_140' title='bbox 710 1546 818 1575; x_wconf 78' lang='lat' dir='ltr'><strong>sancto</strong></span> <span class='ocrx_word' id='word_1_141' title='bbox 840 1542 1028 1582; x_wconf 82' lang='lat' dir='ltr'><strong>Augustino.</strong></span> 
     </span>
    </p>
   </div>
   <div class='ocr_carea' id='block_1_6' title="bbox 150 1621 1461 2463">
    <p class='ocr_par' dir='ltr' id='par_1_6' title="bbox 150 1621 1461 2463">
     <span class='ocr_line' id='line_1_26' title="bbox 152 1621 1207 1660; baseline -0.009 0"><span class='ocrx_word' id='word_1_142' title='bbox 152 1629 212 1660; x_wconf 82' lang='lat' dir='ltr'><strong>la.</strong></span> <span class='ocrx_word' id='word_1_143' title='bbox 254 1627 488 1658; x_wconf 83' lang='lat' dir='ltr'><strong>Laetabundus</strong></span> <span class='ocrx_word' id='word_1_144' title='bbox 851 1624 910 1656; x_wconf 91' lang='lat' dir='ltr'><strong>1b.</strong></span> <span class='ocrx_word' id='word_1_145' title='bbox 948 1622 1045 1654; x_wconf 89' lang='lat' dir='ltr'><strong>Flore</strong></span> <span class='ocrx_word' id='word_1_146' title='bbox 1072 1621 1207 1652; x_wconf 86' lang='lat' dir='ltr'><strong>mundus</strong></span> 
     </span>
     <span class='ocr_line' id='line_1_27' title="bbox 297 1669 1461 1715; baseline -0.007 -8"><span class='ocrx_word' id='word_1_147' title='bbox 297 1675 488 1707; x_wconf 87' lang='lat' dir='ltr'><strong>Moduletur</strong></span> <span class='ocrx_word' id='word_1_148' title='bbox 513 1683 591 1715; x_wconf 83' lang='lat' dir='ltr'><strong>grex</strong></span> <span class='ocrx_word' id='word_1_149' title='bbox 618 1673 736 1712; x_wconf 88' lang='lat' dir='ltr'><strong>fidelis,</strong></span> <span class='ocrx_word' id='word_1_150' title='bbox 997 1670 1216 1703; x_wconf 86' lang='lat' dir='ltr'><strong>Perlustratus</strong></span> <span class='ocrx_word' id='word_1_151' title='bbox 1244 1674 1290 1699; x_wconf 86' lang='lat' dir='ltr'><strong>est</strong></span> <span class='ocrx_word' id='word_1_152' title='bbox 1318 1677 1334 1700; x_wconf 89' lang='lat' dir='ltr'><strong>e</strong></span> <span class='ocrx_word' id='word_1_153' title='bbox 1353 1669 1461 1707; x_wconf 70' lang='lat' dir='ltr'><strong>caelis,</strong></span> 
     </span>
     <span class='ocr_line' id='line_1_28' title="bbox 347 1717 1299 1761; baseline -0.007 -6"><span class='ocrx_word' id='word_1_154' title='bbox 347 1723 506 1761; x_wconf 75' lang='lat' dir='ltr'><strong>Alleluia3</strong></span> <span class='ocrx_word' id='word_1_155' title='bbox 1046 1719 1109 1750; x_wconf 82' lang='lat' dir='ltr'><strong>Res</strong></span> <span class='ocrx_word' id='word_1_156' title='bbox 1140 1717 1299 1749; x_wconf 84' lang='lat' dir='ltr'><strong>miranda.</strong></span> 
     </span>
     <span class='ocr_line' id='line_1_29' title="bbox 151 1795 1381 1840; baseline -0.008 -5"><span class='ocrx_word' id='word_1_157' title='bbox 151 1804 215 1836; x_wconf 67' lang='lat'><strong>211.</strong></span> <span class='ocrx_word' id='word_1_158' title='bbox 252 1802 363 1835; x_wconf 88' lang='lat' dir='ltr'><strong>Claret</strong></span> <span class='ocrx_word' id='word_1_159' title='bbox 389 1809 428 1832; x_wconf 85' lang='lat' dir='ltr'><strong>ex</strong></span> <span class='ocrx_word' id='word_1_160' title='bbox 457 1799 659 1840; x_wconf 85' lang='lat' dir='ltr'><strong>Karthagine</strong></span> <span class='ocrx_word' id='word_1_161' title='bbox 854 1798 917 1831; x_wconf 86' lang='lat' dir='ltr'><strong>2b.</strong></span> <span class='ocrx_word' id='word_1_162' title='bbox 954 1796 1074 1829; x_wconf 87' lang='lat' dir='ltr'><strong>Christi</strong></span> <span class='ocrx_word' id='word_1_163' title='bbox 1101 1796 1218 1836; x_wconf 85' lang='lat' dir='ltr'><strong>pedum</strong></span> <span class='ocrx_word' id='word_1_164' title='bbox 1248 1795 1381 1835; x_wconf 74' lang='lat' dir='ltr'><strong>praevia</strong></span> 
     </span>
     <span class='ocr_line' id='line_1_30' title="bbox 249 1844 1264 1889; baseline -0.006 -7"><span class='ocrx_word' id='word_1_165' title='bbox 249 1850 378 1882; x_wconf 90' lang='lat' dir='ltr'><strong>Nobilis</strong></span> <span class='ocrx_word' id='word_1_166' title='bbox 405 1849 578 1889; x_wconf 82' lang='lat' dir='ltr'><strong>prosapiae</strong></span> <span class='ocrx_word' id='word_1_167' title='bbox 951 1845 1102 1886; x_wconf 81' lang='lat' dir='ltr'><strong>Sequitur</strong></span> <span class='ocrx_word' id='word_1_168' title='bbox 1129 1844 1264 1884; x_wconf 85' lang='lat' dir='ltr'><strong>vestigia</strong></span> 
     </span>
     <span class='ocr_line' id='line_1_31' title="bbox 297 1892 1218 1936; baseline -0.008 -6"><span class='ocrx_word' id='word_1_169' title='bbox 297 1898 352 1931; x_wconf 93' lang='lat' dir='ltr'><strong>Sol</strong></span> <span class='ocrx_word' id='word_1_170' title='bbox 380 1898 420 1930; x_wconf 86' lang='lat' dir='ltr'><strong>de</strong></span> <span class='ocrx_word' id='word_1_171' title='bbox 447 1898 560 1936; x_wconf 79' lang='lat' dir='ltr'><strong>stella3</strong></span> <span class='ocrx_word' id='word_1_172' title='bbox 1002 1895 1077 1926; x_wconf 89' lang='lat' dir='ltr'><strong>Pari</strong></span> <span class='ocrx_word' id='word_1_173' title='bbox 1105 1892 1218 1924; x_wconf 83' lang='lat' dir='ltr'><strong>forma.</strong></span> 
     </span>
     <span class='ocr_line' id='line_1_32' title="bbox 151 1969 1362 2017; baseline -0.008 -7"><span class='ocrx_word' id='word_1_174' title='bbox 151 1979 212 2011; x_wconf 88' lang='lat' dir='ltr'><strong>3a.</strong></span> <span class='ocrx_word' id='word_1_175' title='bbox 247 1976 345 2010; x_wconf 90' lang='lat' dir='ltr'><strong>Cuius</strong></span> <span class='ocrx_word' id='word_1_176' title='bbox 371 1975 465 2017; x_wconf 84' lang='lat' dir='ltr'><strong>gleba</strong></span> <span class='ocrx_word' id='word_1_177' title='bbox 491 1975 648 2015; x_wconf 90' lang='lat' dir='ltr'><strong>corporis,</strong></span> <span class='ocrx_word' id='word_1_178' title='bbox 853 1972 914 2006; x_wconf 86' lang='lat' dir='ltr'><strong>3b.</strong></span> <span class='ocrx_word' id='word_1_179' title='bbox 951 1970 1078 2004; x_wconf 88' lang='lat' dir='ltr'><strong>Morbis</strong></span> <span class='ocrx_word' id='word_1_180' title='bbox 1106 1969 1169 2002; x_wconf 47' lang='lat' dir='ltr'><strong>fert,</strong></span> <span class='ocrx_word' id='word_1_181' title='bbox 1195 1970 1362 2007; x_wconf 82' lang='lat' dir='ltr'><strong>auxilium,</strong></span> 
     </span>
     <span class='ocr_line' id='line_1_33' title="bbox 247 2019 1303 2066; baseline -0.009 -8"><span class='ocrx_word' id='word_1_182' title='bbox 247 2026 422 2066; x_wconf 87' lang='lat' dir='ltr'><strong>Postquam</strong></span> <span class='ocrx_word' id='word_1_183' title='bbox 454 2025 567 2056; x_wconf 88' lang='lat' dir='ltr'><strong>mortis</strong></span> <span class='ocrx_word' id='word_1_184' title='bbox 593 2023 729 2055; x_wconf 89' lang='lat' dir='ltr'><strong>vinculis</strong></span> <span class='ocrx_word' id='word_1_185' title='bbox 951 2019 1115 2052; x_wconf 79' lang='lat' dir='ltr'><strong>Reslolens</strong></span> <span class='ocrx_word' id='word_1_186' title='bbox 1141 2023 1176 2050; x_wconf 90' lang='lat' dir='ltr'><strong>ut</strong></span> <span class='ocrx_word' id='word_1_187' title='bbox 1202 2019 1303 2049; x_wconf 89' lang='lat' dir='ltr'><strong>lilium</strong></span> 
     </span>
     <span class='ocr_line' id='line_1_34' title="bbox 297 2068 1238 2114; baseline -0.006 -8"><span class='ocrx_word' id='word_1_188' title='bbox 297 2073 353 2106; x_wconf 83' lang='lat' dir='ltr'><strong>Fit</strong></span> <span class='ocrx_word' id='word_1_189' title='bbox 379 2076 543 2114; x_wconf 80' lang='lat' dir='ltr'><strong>corrupta,</strong></span> <span class='ocrx_word' id='word_1_190' title='bbox 999 2068 1092 2100; x_wconf 86' lang='lat' dir='ltr'><strong>Valle</strong></span> <span class='ocrx_word' id='word_1_191' title='bbox 1118 2072 1238 2100; x_wconf 79' lang='lat' dir='ltr'><strong>nostra.</strong></span> 
     </span>
     <span class='ocr_line' id='line_1_35' title="bbox 150 2146 1406 2190; baseline -0.009 -4"><span class='ocrx_word' id='word_1_192' title='bbox 150 2154 212 2186; x_wconf 84' lang='lat' dir='ltr'><strong>4a.</strong></span> <span class='ocrx_word' id='word_1_193' title='bbox 249 2151 377 2185; x_wconf 83' lang='lat' dir='ltr'><strong>Gaudet</strong></span> <span class='ocrx_word' id='word_1_194' title='bbox 405 2150 489 2183; x_wconf 84' lang='lat' dir='ltr'><strong>stola</strong></span> <span class='ocrx_word' id='word_1_195' title='bbox 514 2148 654 2190; x_wconf 87' lang='lat' dir='ltr'><strong>simplici</strong></span> <span class='ocrx_word' id='word_1_196' title='bbox 852 2146 912 2180; x_wconf 83' lang='lat' dir='ltr'><strong>4b.</strong></span> <span class='ocrx_word' id='word_1_197' title='bbox 975 2168 1406 2180; x_wconf 91' lang='grc'>........</span> 
     </span>
     <span class='ocr_line' id='line_1_36' title="bbox 249 2198 1405 2240; baseline -0.009 -7"><span class='ocrx_word' id='word_1_198' title='bbox 249 2200 361 2234; x_wconf 85' lang='lat' dir='ltr'><strong>Serica</strong></span> <span class='ocrx_word' id='word_1_199' title='bbox 387 2200 428 2232; x_wconf 90' lang='lat' dir='ltr'><strong>de</strong></span> <span class='ocrx_word' id='word_1_200' title='bbox 455 2198 578 2240; x_wconf 87' lang='lat' dir='ltr'><strong>duplici</strong></span> <span class='ocrx_word' id='word_1_201' title='bbox 974 2215 1405 2229; x_wconf 91' lang='lat'><strong>........</strong></span> 
     </span>
     <span class='ocr_line' id='line_1_37' title="bbox 299 2249 1404 2288; baseline -0.01 -7"><span class='ocrx_word' id='word_1_202' title='bbox 299 2249 405 2282; x_wconf 83' lang='lat' dir='ltr'><strong>Carne</strong></span> <span class='ocrx_word' id='word_1_203' title='bbox 435 2251 575 2288; x_wconf 84' lang='lat' dir='ltr'><strong>sumpta.</strong></span> <span class='ocrx_word' id='word_1_204' title='bbox 1033 2264 1404 2275; x_wconf 92' lang='grc'><strong><em>.......</em></strong></span> 
     </span>
     <span class='ocr_line' id='line_1_38' title="bbox 151 2317 1291 2366; baseline -0.013 -5"><span class='ocrx_word' id='word_1_205' title='bbox 151 2331 211 2363; x_wconf 82' lang='lat' dir='ltr'><strong>5a.</strong></span> <span class='ocrx_word' id='word_1_206' title='bbox 246 2326 326 2360; x_wconf 86' lang='lat' dir='ltr'><strong>Mox</strong></span> <span class='ocrx_word' id='word_1_207' title='bbox 357 2329 392 2358; x_wconf 87' lang='lat' dir='ltr'><strong>nt</strong></span> <span class='ocrx_word' id='word_1_208' title='bbox 417 2333 553 2366; x_wconf 86' lang='lat' dir='ltr'><strong>granum</strong></span> <span class='ocrx_word' id='word_1_209' title='bbox 579 2323 727 2363; x_wconf 80' lang='lat' dir='ltr'><strong>moritur,</strong></span> <span class='ocrx_word' id='word_1_210' title='bbox 854 2321 916 2354; x_wconf 68' lang='lat' dir='ltr'><strong>ab.</strong></span> <span class='ocrx_word' id='word_1_211' title='bbox 953 2319 1118 2352; x_wconf 85' lang='lat' dir='ltr'><strong>Praesulis</strong></span> <span class='ocrx_word' id='word_1_212' title='bbox 1144 2317 1291 2357; x_wconf 80' lang='lat' dir='ltr'><strong>insignia,</strong></span> 
     </span>
     <span class='ocr_line' id='line_1_39' title="bbox 248 2365 1304 2409; baseline -0.013 0"><span class='ocrx_word' id='word_1_213' title='bbox 248 2375 374 2408; x_wconf 86' lang='lat' dir='ltr'><strong>Mundo</strong></span> <span class='ocrx_word' id='word_1_214' title='bbox 399 2374 456 2407; x_wconf 87' lang='lat' dir='ltr'><strong>lux</strong></span> <span class='ocrx_word' id='word_1_215' title='bbox 482 2373 637 2409; x_wconf 81' lang='lat' dir='ltr'><strong>exoritur,</strong></span> <span class='ocrx_word' id='word_1_216' title='bbox 953 2367 1133 2400; x_wconf 85' lang='lat' dir='ltr'><strong>Percrebra</strong></span> <span class='ocrx_word' id='word_1_217' title='bbox 1158 2365 1304 2396; x_wconf 84' lang='lat' dir='ltr'><strong>subsidia</strong></span> 
     </span>
     <span class='ocr_line' id='line_1_40' title="bbox 247 2413 1312 2463; baseline -0.013 -6"><span class='ocrx_word' id='word_1_218' title='bbox 247 2424 404 2458; x_wconf 86' lang='lat' dir='ltr'><strong>Haeresis</strong></span> <span class='ocrx_word' id='word_1_219' title='bbox 430 2421 631 2463; x_wconf 85' lang='lat' dir='ltr'><strong>dignoscitur</strong></span> <span class='ocrx_word' id='word_1_220' title='bbox 954 2417 1180 2448; x_wconf 79' lang='lat' dir='ltr'><strong>Protestantur</strong></span> <span class='ocrx_word' id='word_1_221' title='bbox 1205 2413 1312 2444; x_wconf 83' lang='lat' dir='ltr'><strong>omnia</strong></span> 
     </span>
    </p>
   </div>
   <div class='ocr_carea' id='block_1_7' title="bbox 297 2462 1294 2505">
    <p class='ocr_par' dir='ltr' id='par_1_7' title="bbox 297 2462 1294 2505">
     <span class='ocr_line' id='line_1_41' title="bbox 297 2462 1294 2505; baseline -0.013 0"><span class='ocrx_word' id='word_1_222' title='bbox 297 2473 380 2505; x_wconf 85' lang='lat' dir='ltr'><strong>Esse</strong></span> <span class='ocrx_word' id='word_1_223' title='bbox 405 2479 535 2504; x_wconf 81' lang='lat' dir='ltr'><strong>caecae..</strong></span> <span class='ocrx_word' id='word_1_224' title='bbox 1000 2464 1090 2496; x_wconf 88' lang='lat' dir='ltr'><strong>Haec</strong></span> <span class='ocrx_word' id='word_1_225' title='bbox 1116 2462 1294 2503; x_wconf 85' lang='lat' dir='ltr'><strong>praedicta.</strong></span> 
     </span>
    </p>
   </div>
  </div>
 </body>
</html>
