1655 2713
701 144 963 179 -110—

566 285 621 316 113.
662 286 702 316 Ile
725 294 763 316 ss.
787 285 840 317 vn
863 285 1104 318 Dormientihus.

206 376 263 410 12.
296 375 332 407 In
358 376 497 415 peccatis
523 375 575 414 qni
602 375 772 411 dormiunt,

297 423 373 455 Sese
399 423 480 454 male
506 422 683 462 sepeliunt;

344 471 406 502 Sed
441 475 572 510 surgunt
607 470 647 501 ad
681 471 804 511 merita,

202 557 260 589 2a.
293 556 335 588 Ut
362 565 430 587 cum
456 557 526 587 istis
553 565 765 596 resurgamus,

294 604 532 635 Dormientibus
559 605 734 644 psallamus

343 652 475 683 Maioris
501 652 699 690 Monasterii,

201 738 261 770 3a.
291 737 411 776 Quibus
437 747 514 768 avus
540 738 655 769 Florus
683 737 752 774 fuit,

292 784 359 816 Rex
378 785 575 822 Hunnorum,
603 786 658 817 sed
688 786 802 817 claruit

343 832 501 864 Martinus
527 834 685 874 Turonia3

199 918 259 948 4a.
292 917 334 948 Hi
369 919 506 958 virgines
540 924 793 959 permanserunt,

295 965 492 1004 Pauperibus
521 967 738 1006 disperserunt

342 1013 578 1045 Venumdantes
605 1017 753 1055 propria;

200 1099 261 1129 5a.
293 1098 367 1128 Post
394 1099 526 1130 Martini
557 1101 688 1132 consilio

294 1145 458 1185 Peregrini
485 1148 697 1188 quinquennio

341 1193 458 1225 Herbis
485 1199 515 1225 et
541 1196 634 1227 nudis
661 1197 796 1236 pedibus

199 1278 258 1310 Ga.
290 1278 357 1309 Hos
380 1279 538 1312 Martinus
564 1283 724 1314 ordinavit

295 1326 337 1356 Et
363 1326 465 1358 altare
492 1331 687 1361 consecravit

340 1373 457 1405 Positis
485 1377 638 1415 reliquiis,

201 1458 257 1490 Ta.
289 1459 446 1491 Martinus
473 1462 575 1493 sciens
601 1463 731 1496 obitum.

294 1507 367 1538 Post
393 1508 434 1538 ad
462 1509 547 1547 ipsos
570 1519 628 1542 nec
647 1512 794 1552 reditum,

339 1554 472 1586 Orantes
499 1565 569 1588 cum
595 1557 720 1591 fletibus

195 1638 256 1670 Sa.
288 1638 352 1670 Sub
379 1649 415 1672 eo
442 1641 490 1672 bis
516 1647 587 1674 octo
613 1645 714 1683 annis,

294 1686 358 1718 Sub
385 1688 500 1720 abbate
526 1692 663 1731 quinque
689 1693 798 1724 lustris

340 1734 468 1775 Septem
494 1738 641 1770 vixerunt
665 1749 738 1773 una.

893 375 954 408 lb.
984 376 1043 415 Qui
1071 376 1231 409 dormiunt
1253 382 1283 409 et
1302 379 1334 410 in
1355 378 1495 418 Christo,

986 423 1086 456 Simul
1120 431 1250 466 surgent
1281 431 1312 458 et
1339 436 1407 458 cum
1434 427 1497 459 isto

1034 472 1111 505 Cum
1139 474 1221 505 stola
1246 475 1401 515 pollicita.

884 557 947 592 2b.
979 559 1039 598 Qui
1063 559 1209 602 Martini,
1238 560 1306 593 Deo
1333 562 1410 599 cari,

983 607 1267 648 consanguinitate
1294 609 1365 648 pari

1030 654 1173 687 Fuerunt
1202 657 1304 696 stirpe
1331 658 1420 688 socii.

888 739 949 772 3b.
983 740 1096 772 Clarus
1117 742 1230 783 stirpe,
1258 742 1435 782 discipulis,

983 787 1096 820 Clarus
1123 789 1197 820 fide.
1225 790 1398 825 miraculis,

1031 836 1143 868 Clarus
1170 843 1199 868 et
1227 847 1285 877 per
1311 840 1428 870 omnia.

880 921 942 954 4b.
975 920 1013 955 Iu
1040 924 1145 963 patria
1172 924 1333 965 eremitae,

977 970 1155 1002 Illuxerunt
1182 971 1252 1003 luce
1279 973 1372 1007 vitae.

1024 1018 1087 1050 Sed
1115 1025 1303 1058 spreverunt
1331 1021 1447 1053 omnia.

885 1103 947 1136 5b.
978 1105 1031 1136 Ad
1056 1105 1230 1136 Martinum
1259 1106 1434 1144 redierunt,

978 1152 1064 1183 Loco
1090 1152 1176 1183 dicto
1202 1161 1236 1184 se
1263 1153 1447 1185 clauserunt

1027 1200 1157 1232 Cunctis
1183 1200 1342 1241 despretis
1360 1201 1488 1241 opibus.

887 1284 947 1317 eb.
981 1286 1145 1325 Peregrini
1172 1295 1249 1325 quas
1276 1287 1426 1327 tulerant,

980 1334 1047 1372 Quo
1071 1334 1165 1364 soluti
1191 1335 1239 1365 usi
1267 1341 1357 1366 erant

1027 1381 1160 1412 Martini
1186 1383 1328 1413 consiliis

884 1466 943 1498 7b.
979 1467 1040 1498 Per
1065 1467 1162 1498 cellas
1186 1467 1304 1500 fratres
1329 1465 1483 1513 [colllegit

972 1515 1013 1546 Et
1040 1515 1186 1546 abbatem
1215 1516 1262 1547 his
1289 1517 1396 1556 elegit,

1024 1563 1213 1594 valedicens
1241 1563 1406 1598 fratribus.

884 1647 945 1682 8b.
978 1649 1105 1688 Septem
1140 1654 1226 1680 terra
1260 1649 1306 1680 sic
1329 1650 1488 1687 lucebant,

979 1697 1106 1736 Septem
1122 1697 1210 1728 caelo
1223 1702 1256 1728 ut
1271 1697 1485 1738 splendebant

1026 1744 1165 1784 Plyades
1192 1749 1221 1775 et
1248 1750 1281 1775 ut
1308 1746 1393 1779 luna.

529 1825 561 1855 9.
589 1825 658 1856 Sint
683 1835 741 1867 per
767 1826 967 1859 Gaudentem
995 1830 1120 1870 gaudia,

590 1873 651 1904 Per
677 1875 845 1914 cyriacum
873 1877 964 1908 venia

588 1919 691 1952 Detur
717 1926 748 1952 et
774 1922 954 1955 innocentia

589 1968 770 2001 Innocentis
797 1979 893 2010 prece
919 1972 983 2013 pia.

247 2047 330 2074 Miss.
362 2047 390 2075 S.
417 2050 537 2076 Martini
566 2051 689 2079 Maioris
717 2054 890 2082 Monasterii
920 2057 990 2093 imp.
1018 2057 1186 2086 Tui-onibus
1220 2057 1301 2086 1508.
1332 2074 1364 2078 —
1393 2061 1488 2089 Titel:

175 2085 236 2116 „De
256 2084 273 2112 7
295 2086 527 2116 dorminentibus
548 2091 625 2125 apud
647 2092 860 2120 Mouasterium
883 2096 1130 2131 quiescentibuS.“
1175 2095 1226 2129 61³,
1252 2096 1264 2124 1
1288 2098 1426 2126 tulerunt.
1452 2115 1486 2119 —

173 2121 223 2155 612,
246 2122 263 2150 2
285 2125 327 2150 uti
348 2130 438 2152 erant.

559 2250 614 2281 114.
655 2251 696 2282 [le
718 2261 757 2283 ss.
780 2253 834 2284 vn
854 2253 1097 2286 Dormientibus.

612 2343 642 2376 1.
669 2342 736 2374 Hos
762 2344 889 2384 saepius
915 2345 1057 2378 visitavit

670 2391 830 2424 Martinus
857 2396 888 2423 et
914 2392 1106 2427 confortavit

717 2440 825 2473 Morte
849 2442 912 2472 iam
939 2441 1096 2482 deposita.
