1655 2713
691 180 734 185 —
787 163 954 199 235—

153 244 239 278 lta.
269 246 367 280 Ensis
395 258 452 282 ceu

271 303 344 328 cera
370 299 477 331 mollis
502 301 656 343 iugulum,

271 345 357 384 quod
384 355 570 390 negaverat,

270 393 401 426 taudem
428 396 616 438 triumphali

268 439 331 472 fine
357 446 505 482 precanti
533 447 658 482 detulit.

851 262 891 295 11
905 262 936 297 b.
971 263 1156 309 Pantaleon,

967 312 1077 345 inclite
1102 318 1226 356 martyr
1253 316 1384 358 Christi,

967 360 1098 394 devotos
1123 363 1181 395 tibi

967 407 1102 442 famulos
1128 411 1253 452 iugibus

964 456 1034 489 Deo
1061 461 1248 493 commenda
1273 462 1434 503 precibus.

225 515 381 552 Appendix
403 529 454 547 ms.
477 530 554 549 saec.
580 523 622 552 16.
644 527 682 553 in.
698 527 781 555 Miss.
797 529 1055 561 Hildensemensis
1077 536 1146 571 imp.
1163 537 1384 573 Nurembergae
1402 538 1476 568 1499

144 551 187 586 (in
207 554 288 582 Bibl.
309 554 386 584 Mus.
410 559 634 590 Hildensemen.
655 565 706 592 Nr.
729 564 805 602 365).
826 583 864 586 -
883 569 942 597 Mit
963 572 1103 600 Melodie.
1125 589 1162 593 —
1182 573 1236 608 3b,
1258 575 1275 603 2
1298 579 1416 605 tinctus.
1440 595 1476 599 ——

144 589 200 623 412,
223 591 241 619 3
262 593 358 623 fidem.
380 611 416 615 —
438 596 492 633 6b,
515 597 533 627 2
554 610 597 637 sq.
619 611 737 632 carnem
759 606 836 633 dum.
858 622 895 626 —
917 606 970 641 Sa,
993 609 1011 637 4
1033 613 1144 639 sentiit.

585 705 651 736 262.
693 707 735 739 De
756 712 863 742 saneto
883 711 1032 744 Patricio.

169 768 226 801 la.
259 769 320 802 Dei
349 781 407 811 per
434 774 609 808 Patricium

311 819 412 852 virtus
441 822 635 864 declaratur,

264 865 360 899 Cuius
386 869 468 901 mira
491 872 647 905 sanctitas

310 915 400 948 miris
427 921 680 954 commendatur.

163 989 223 1023 2a.
255 991 391 1024 Sanctus
417 993 448 1025 in
476 995 665 1030 Hiberniam

303 1049 385 1079 puer
411 1043 603 1083 captivatur,

256 1087 379 1119 Aurum
404 1096 561 1123 monstrat
587 1095 731 1137 angelus,

303 1145 380 1168 auro
406 1137 573 1173 liberatur.

157 1210 217 1244 3a.
250 1210 402 1245 Germani
428 1215 587 1249 Patricius

298 1260 447 1294 subditus
474 1263 608 1299 habenis

250 1307 376 1341 Profuit
401 1310 432 1343 in
459 1312 567 1346 Gallia

295 1358 388 1390 annis
414 1361 640 1403 quadragenis,

149 1431 211 1465 4a.
242 1433 306 1465 Dat
334 1434 366 1466 in
394 1436 471 1468 visis
495 1438 662 1482 Dominus,

293 1483 394 1515 sacris
420 1489 455 1516 ut
480 1488 610 1519 statutis

244 1529 373 1572 Dirigat
399 1532 594 1568 Hiber-nicos

289 1579 322 1611 in
350 1580 433 1612 viam
460 1583 584 1617 salutis„

144 1655 204 1688 5a.
236 1655 347 1688 Bailus
374 1658 583 1693 daemonibus

287 1714 399 1748 magns
426 1707 570 1742 elevatus

232 1752 287 1785 Ad
315 1755 414 1794 pedes
443 1757 577 1790 Patricii

284 1803 420 1836 moritur
445 1810 638 1845 prostratus.

139 1878 200 1912 62..
231 1878 445 1914 Praesumens
474 1883 648 1918 Patricium

280 1929 389 1968 gladio
413 1929 512 1964 ferire

231 1975 381 2010 Flumine
407 1982 616 2023 conspicitur,

278 2026 406 2060 videtur
431 2030 550 2069 perire.

135 2101 194 2135 7a.
227 2103 327 2136 Cuius
354 2115 373 2137 a
397 2109 554 2140 consociis

278 2152 377 2185 letum
404 2155 585 2200 simulatur,

225 2200 369 2234 Moritur
396 2203 555 2238 Patricius

274 2254 306 2281 et
331 2251 379 2282 sic
405 2252 593 2289 honoratur.

126 2326 188 2359 Sa.
220 2325 337 2360 Pastor
362 2338 455 2362 sacer
477 2331 580 2373 abigit

273 2385 402 2418 gregem
429 2385 632 2424 venenatum,

219 2422 270 2456 De
294 2431 407 2460 sancto
434 2427 575 2462 Patricio

267 2472 372 2508 Deum
400 2475 602 2514 honoratum.

865 782 926 817 lb.
960 784 1044 817 Novi
1071 786 1169 819 fontis
1195 791 1304 822 oculos

1007 833 1102 866 latice
1128 837 1248 877 rigatus

956 881 1079 914 Caecus
1106 884 1206 916 visum
1237 887 1352 928 recipit

1004 934 1035 960 et
1062 931 1097 961 tit
1123 932 1280 968 literatus

856 1003 918 1037 ab.
953 1006 989 1036 In
1016 1009 1136 1039 somnis
1162 1019 1222 1049 per
1248 1013 1395 1052 angelum

997 1056 1135 1087 monitus
1162 1059 1279 1096 redire,

948 1101 1112 1135 Mirantur
1139 1110 1169 1136 et
1196 1108 1352 1140 matribus

997 1152 1150 1191 parvulos
1177 1156 1296 1195 vagire.

852 1224 913 1259 3b.
946 1226 1067 1259 Romae
1094 1228 1198 1262 factus
1225 1232 1371 1272 pontifex

994 1277 1107 1316 angelo
1135 1279 1279 1312 dictante

946 1322 1040 1356 Celsa
1065 1329 1151 1358 tenet
1179 1328 1305 1361 Morion

994 1372 1130 1406 Domino
1157 1383 1337 1415 praesente.

846 1446 908 1480 4b.
940 1448 1049 1480 Altari
1077 1450 1150 1482 dum
1178 1453 1307 1494 insidet,

987 1506 1075 1529 mare
1099 1503 1351 1543 transportatur,

938 1544 1101 1586 Leprosus
1128 1549 1247 1589 navigii

984 1603 1083 1633 genus
1109 1596 1298 1633 admiratur.

842 1667 904 1703 5b.
936 1670 1051 1703 Altare
1077 1673 1254 1706 maleficum

985 1718 1055 1752 fuso
1082 1730 1284 1756 sacramento

936 1766 1046 1800 Tellus
1071 1770 1170 1802 ultrix
1197 1773 1328 1805 sceleiis

983 1817 1091 1850 sorbet
1118 1819 1150 1851 in
1178 1829 1348 1855 momento.

838 1891 897 1925 tib.
929 1893 1032 1926 Instat
1060 1905 1224 1940 praesens,
1254 1900 1361 1933 radiat

978 1953 1090 1975 manus
1117 1946 1292 1988 radiorum,

927 1991 973 2024 Ut
999 1994 1110 2034 augeri
1138 1993 1237 2027 faciat

979 2042 1102 2081 copiam
1127 2052 1291 2084 equorum.

833 2115 894 2149 7b.
927 2117 987 2150 Dei
1014 2121 1143 2159 praesul
1172 2123 1330 2155 Patricius

975 2176 1056 2206 puro
1083 2174 1210 2201 servato

927 2215 1002 2247 Post
1028 2225 1173 2257 quaeque
1199 2220 1289 2257 pueri

974 2264 1026 2296 via
1053 2271 1266 2300 concremato.

829 2338 892 2373 8b.
924 2339 1014 2372 Sacri
1042 2351 1139 2374 causa
1165 2345 1309 2384 corporis

971 2390 1111 2430 populus
1135 2397 1290 2434 armatur,

919 2437 1100 2471 Interiectis
1126 2438 1276 2474 fluctibus

969 2485 1060 2519 furor
1088 2494 1297 2530 temperatur.
