1655 2713
153 244 201 277 14
211 253 241 277 a.
277 244 470 279 Gratulatur

277 294 321 326 Et
346 294 500 328 laudatur

327 342 390 375 Per
415 347 447 375 te
473 345 553 376 caeli
580 345 678 379 curia.

856 250 900 283 14
911 250 941 284 b.
972 249 1040 282 Fac
1066 259 1123 282 nos
1148 250 1246 282 laude

975 298 1050 330 Sine
1076 297 1191 330 fraude

1024 347 1100 379 Post
1125 355 1213 386 spem
1242 345 1306 378 frui
1332 347 1446 387 gloria.

235 426 377 463 Sequent.
400 438 453 457 ms.
476 430 707 459 Ravennatense
728 433 799 459 anni
823 430 982 460 1585—87.
1004 432 1076 460 Cod.
1093 432 1223 459 Classen.
1239 430 1296 459 360
1315 430 1390 464 (139.
1407 431 1432 459 5.
1449 433 1491 465 S.)

151 466 186 494 A.
215 480 253 484 —
281 467 365 494 Miss.
386 468 557 496 Parisiense
584 471 654 506 imp.
684 471 808 498 Parisiis
838 469 919 498 1585.
947 471 979 498 Β.
1002 485 1037 490 -
1064 469 1123 503 2b,
1154 470 1166 498 1
1196 470 1288 497 edidit
1309 479 1344 498 ex
1368 471 1425 498 AB.
1449 485 1486 489 —-

142 503 210 537 -5a,
239 503 258 532 3
279 505 428 534 labentem
451 508 484 534 A.
509 522 543 526 —-
567 506 627 541 51),
649 507 667 536 2
688 509 874 536 viridentum
897 510 930 536 A.
961 524 999 528 —
1020 509 1146 545 Strophe
1168 508 1198 542 6,
1226 508 1244 536 S
1271 509 1329 536 und
1351 508 1368 536 9
1390 510 1486 536 fehlen

151 544 185 571 A.
210 558 244 562 —
267 542 319 578 7³,
341 543 359 572 2
380 546 584 582 Reproborum
605 547 680 574 alter
700 548 760 574 AB.
781 561 819 565 ——
843 545 919 581 12a,
941 546 959 575 3
980 548 1087 576 Sumus
1111 549 1141 575 Β.
1164 562 1201 567 -
1225 546 1258 575 13
1268 548 1295 580 b,
1320 547 1332 575 1
1356 549 1486 575 inanium

144 582 185 610 A.
207 597 244 601 —
268 583 411 611 Melodie:
434 584 734 621 Congaudentes
758 586 998 614 exsultemus.

564 736 610 767 96.
651 736 693 767 De
717 738 826 767 sancto
849 735 1080 777 christophoro.

173 836 192 867 .l
204 845 233 867 a.
272 832 434 868 Invictum
460 835 581 868 Christi
607 836 739 867 militem

321 884 547 917 Collaudemus
574 884 783 924 Christopho-

267 980 326 1018 Qui
350 941 781 1019 triumphumrplg'nobilem

316 1027 486 1067 Superavit
516 1027 690 1061 diabolum.

166 1115 232 1148 2a.
269 1111 332 1148 Hic
358 1117 468 1153 spreta
493 1113 646 1145 idolatria

315 1162 469 1202 Cognovit
496 1161 557 1194 Dei
583 1162 683 1193 filium

263 1211 484 1251 Egressusque
512 1210 551 1241 de
578 1211 684 1250 patria

313 1259 466 1290 Pervenit
492 1259 533 1290 ad
561 1259 763 1299 martyrium.

166 1357 226 1388 3a.
273 1352 374 1389 Natus
400 1364 480 1395 puer
507 1364 545 1386 ex
573 1355 696 1396 virgine

314 1403 396 1435 Dum
424 1403 464 1435 ab
489 1412 526 1435 eo
549 1404 780 1444 transvehitur,

265 1451 352 1483 Deus
384 1451 462 1483 ferri
488 1451 530 1485 ab
557 1452 685 1484 homine

313 1500 421 1542 Signis
435 1500 544 1532 multis
561 1500 764 1540 cognoscitur
771 1511 779 1542 ;

167 1598 230 1629 4a.
265 1592 318 1629 Ex
354 1596 414 1628 hoc
439 1596 624 1636 relinquens
650 1595 780 1628 fluvium

315 1645 351 1676 In
385 1644 501 1676 Samon
537 1645 624 1676 venit
650 1645 780 1685 Lyciae,

268 1693 332 1726 Ubi
359 1693 446 1724 Deus
473 1693 667 1733 linguagium

315 1741 415 1773 Dedit
440 1741 468 1772 ei
495 1742 690 1782 provinciae.

155 1841 183 1870 -5
195 1848 224 1871 a.
262 1835 395 1878 Dagnus
422 1847 479 1870 rex
506 1838 591 1870 misit
619 1839 748 1879 milites,

298 1887 357 1925 Qui
375 1896 445 1918 eum
455 1887 775 1930 comprehenderent,

264 1935 383 1967 Missos
408 1940 538 1967 sanctus
566 1936 723 1967 satellites

310 1982 510 2024 Informavit‚
534 1988 569 2016 ut
594 1985 774 2017 crederent.

152 2083 222 2115 fia.
259 2078 379 2115 Sancto
405 2081 502 2114 misso
527 2082 560 2114 in
587 2091 748 2114 carcerem

306 2131 484 2163 Terrentur
509 2131 748 2171 meretriculae,

256 2178 393 2211 Mittunt
418 2187 559 2211 errorem
588 2183 728 2211 veterem

304 2227 498 2268 Christoque
511 2227 591 2260 fiunt
609 2228 771 2260 credulae.

153 2323 176 2355 ‚7
189 2333 219 2357 a.
257 2320 374 2357 Lectus
392 2328 465 2364 post
483 2323 563 2356 haec
580 2323 618 2356 fit
635 2322 771 2362 ferreus,

303 2371 368 2404 Sub
395 2381 457 2413 quo
481 2373 566 2414 ignis
593 2381 663 2404 cum
690 2373 771 2409 oleo,

254 2420 319 2453 Sed
346 2419 452 2453 factus
479 2425 527 2453 est
553 2426 588 2453 ut
616 2429 728 2453 cereus

291 2469 420 2502 Sancto
446 2474 553 2502 stante
579 2470 612 2502 in
638 2469 756 2502 medio.

847 836 907 869 lb.
945 834 1062 869 Omnes
1090 845 1165 877 ergo
1193 838 1397 869 concorditer

991 885 1074 915 Voce
1098 890 1262 916 cantemus
1290 885 1402 921 libera,

940 931 1130 964 Referamus
1159 937 1191 963 ut
1220 934 1360 973 digniter

992 981 1151 1012 Virtutum
1177 981 1243 1012 eius
1268 991 1377 1021 opera.

844 1114 906 1147 2b.
944 1111 997 1147 Ad
1025 1124 1124 1154 aquas
1155 1116 1245 1155 prius
1273 1116 1359 1147 fluvii

987 1162 1107 1195 Christi
1141 1173 1252 1195 servus
1282 1165 1456 1203 resederat,

940 1211 1000 1242 Per
1024 1221 1115 1251 quem
1140 1213 1255 1243 multos
1277 1222 1334 1253 spe
1346 1214 1481 1252 praemii

988 1260 1126 1300 Propter
1141 1261 1242 1292 Deum
1259 1262 1480 1295 transtulerat.

843 1355 905 1388 3b.
942 1353 1020 1389 Nam
1053 1358 1139 1388 unda
1175 1358 1277 1389 crevit
1305 1357 1454 1399 fluminis,

990 1406 1072 1436 Puer
1098 1407 1204 1445 gravis
1232 1406 1265 1437 fit
1296 1407 1411 1443 hniulo,

940 1453 1049 1484 Palma
1075 1455 1234 1494 plenaque
1262 1455 1390 1485 ductilis

986 1501 1086 1533 Facta
1115 1501 1174 1533 fuit
1202 1511 1239 1533 ex
1269 1502 1391 1536 baculo.

842 1597 903 1630 4b.
942 1595 1055 1630 Secum
1085 1599 1176 1638 virga
1201 1608 1294 1639 quam
1323 1600 1452 1640 tulerat,

987 1646 1077 1677 Licet¹
1102 1647 1165 1678 iam
1194 1646 1277 1678 foret
1303 1648 1406 1689 arida,

936 1696 1014 1727 Mox
1041 1699 1158 1733 tamen,
1186 1700 1221 1727 ut
1246 1702 1407 1734 oraverat,

985 1743 1094 1775 Arbor
1121 1743 1206 1776 facta
1234 1750 1281 1776 est
1308 1744 1434 1779 florida.

839 1840 902 1874 5b.
937 1837 985 1874 Eo
1012 1842 1079 1872 viso
1107 1850 1164 1873 rex
1190 1842 1338 1884 imperat,

984 1889 1053 1921 Diis
1079 1894 1113 1921 ut
1141 1889 1193 1921 det
1221 1890 1392 1927 sacrificia,

933 1938 996 1970 Sed
1024 1938 1094 1978 ipse
1121 1947 1226 1978 regem
1253 1940 1399 1980 increpat

981 1987 1048 2018 Ista
1074 1996 1172 2028 super
1197 1988 1344 2020 stultitia.

835 2082 897 2116 eb.
932 2080 986 2117 Ad
1014 2092 1121 2124 regem
1149 2094 1259 2116 rursus
1288 2085 1426 2125 ducitur,

981 2132 1103 2164 Vinclis
1129 2133 1248 2173 ligatur
1274 2134 1426 2175 undiquc,

931 2179 1062 2212 Ferreis
1090 2181 1188 2221 virgis
1215 2183 1373 2223 caeditur,

978 2229 1055 2261 Cum
1083 2230 1183 2269 ignita
1210 2233 1274 2261 stat
1300 2231 1437 2263 casside.

833 2323 894 2359 7b.
932 2322 1057 2358 Furens
1086 2334 1142 2357 rex
1170 2326 1272 2357 minas
1299 2326 1438 2369 addidit,

979 2373 1119 2405 Terrens
1146 2375 1258 2406 mortis
1277 2375 1446 2418 supplicio,

929 2421 992 2454 Sed
1022 2427 1146 2462 martyr
1172 2421 1266 2454 fortis
1293 2424 1446 2463 perstitit,

980 2471 1023 2504 Ut
1052 2475 1121 2503 erat
1148 2471 1188 2503 ab
1215 2471 1317 2504 initio.
