1655 2713
732 154 992 189 —260—

228 254 288 287 Ga.
322 253 518 285 Platonicum
545 255 617 292 post
643 251 804 291 sophisma
916 251 979 286 6b.
1011 251 1104 283 Hunc
1137 251 1316 292 perfectum
1352 251 1527 293 prudentia

320 300 370 332 hic
396 299 603 340 apostolicum
1012 299 1148 332 miratur
1174 299 1313 332 Graecia

319 352 445 379 secutus
472 351 517 378 est
1012 356 1132 380 necnon
1161 348 1274 387 Roma,

319 395 561 428 christianisma.
1009 396 1118 428 mundi
1145 396 1284 428 domina.

232 483 290 513 7a.
320 481 519 512 Valerianum
916 481 976 514 7b.
1009 481 1228 514 Sacrificando

325 529 443 568 sprevit
470 537 538 559 cum
567 528 666 559 Decio
1009 539 1042 561 se
1068 530 1203 562 hostiam
1231 530 1336 562 vivam

323 576 537 607 ecclesiastica
1009 578 1201 617 adipiscitur

322 624 400 655 dans
427 624 617 662 Laurenti03
1008 626 1097 666 regni
1123 626 1270 666 gloriam.

226 710 285 742 Sa.
316 709 340 741 Ο
367 710 477 740 mortis
505 710 726 741 commercium
913 710 974 744 8b.
1005 711 1030 743 Ο
1057 711 1159 743 virum
1186 711 1368 743 mirabilem

318 757 450 798 insigne,
1008 763 1039 790 et
1065 763 1220 802 sanctum,

316 813 377 844 quo
401 804 436 835 fit
461 813 518 845 per
544 805 734 844 supplicium
1007 808 1059 846 qui
1086 807 1131 838 nil
1159 807 1287 839 Christo
1311 807 1476 847 praetulit.

320 853 430 884 vivens
456 853 687 884 sacerdotium!
1006 864 1097 894 quem
1124 859 1210 886 totus
1238 856 1394 887 excoluit!

225 940 283 971 9a.
314 938 376 969 Hic
402 937 546 977 pontifex
909 940 972 974 9b.
1002 941 1089 972 Deus
1116 945 1185 973 erat

321 990 351 1016 et
378 986 529 1017 virtutum
556 986 685 1027 artifex,
1004 989 1052 1020 illi
1076 998 1202 1029 semper
1227 990 1259 1020 in
1285 998 1350 1027 ore,

319 1034 370 1072 qui
398 1041 431 1064 se
457 1034 558 1072 ipsum
582 1033 679 1065 hodie
1005 1036 1091 1067 Deus
1117 1038 1149 1068 in
1177 1046 1285 1079 opere,

318 1080 468 1121 immolat,
1005 1084 1079 1115 hinc
1105 1085 1179 1116 inde

317 1132 390 1167 post
415 1132 547 1158 mortem
566 1129 662 1160 vitam
683 1129 822 1163 innovat.
1003 1140 1093 1171 quem
1122 1131 1202 1164 fovit
1227 1132 1314 1164 Deus
1340 1131 1492 1171 undique.

199 1213 242 1245 10
255 1222 283 1246 a.
315 1213 425 1245 Gloria
451 1217 481 1244 et
508 1214 607 1245 honor
884 1217 927 1249 10
939 1216 969 1248 b.
1003 1217 1098 1249 Cuius
1126 1222 1266 1249 erectum
1293 1222 1340 1248 est

316 1261 451 1292 Domino
477 1262 549 1292 Iesu
576 1262 701 1293 Christo
1001 1274 1098 1296 cornu
1128 1266 1157 1296 in
1185 1266 1374 1304 sanctitate3

316 1309 379 1339 sint
405 1315 436 1340 et
461 1309 572 1340 laudes
599 1309 726 1341 debitae
1001 1312 1226 1345 benedicamus
1252 1314 1354 1345 Deum

315 1359 424 1387 sancto
451 1356 549 1393 Sixto,
1000 1360 1032 1391 in
1059 1361 1214 1395 trinitate.

274 1440 355 1466 Miss.
385 1449 437 1466 ms.
460 1441 664 1476 Alrispacense
693 1450 767 1469 saec.
797 1441 839 1469 15.
863 1443 934 1470 Clm.
956 1445 1108 1471 Monacen.
1135 1443 1219 1473 2873.
1240 1460 1278 1464 —
1298 1444 1356 1477 3³,
1386 1445 1403 1473 3
1431 1448 1510 1482 prin-

198 1479 270 1513 cipe.
292 1494 328 1497 —
350 1477 407 1510 3b,
435 1477 453 1505 3
480 1480 622 1514 praesule.
645 1496 680 1499 —
702 1479 758 1512 9a,
784 1480 802 1507 4
829 1482 874 1508 vel
903 1486 1019 1509 strenue
1047 1483 1187 1510 immolat.
1209 1499 1246 1502 —
1268 1485 1395 1512 Melodie
1417 1485 1510 1512 wohl:

197 1516 221 1542 A
235 1516 330 1542 lmae
351 1517 446 1543 festa
461 1517 555 1547 (Anal.
571 1519 680 1552 Hymn.
694 1519 730 1550 X,
752 1520 802 1546 ΝΥ.
826 1518 906 1551 301);
929 1520 992 1548 hier
1014 1523 1067 1548 wie
1092 1522 1157 1549 dort
1178 1524 1215 1548 ist
1237 1523 1284 1550 die
1300 1523 1511 1559 Ungleichheit

199 1554 248 1580 der
271 1554 436 1581 Silbenzahl
460 1557 489 1582 in
510 1556 560 1582 der
585 1554 610 1582 ⁸2.
635 1557 767 1592 strophe.

638 1707 705 1736 292.
745 1707 787 1738 De
809 1710 917 1739 sancta
939 1709 1065 1749 Sophia.

223 1805 238 1835 1
257 1813 285 1836 a.
321 1804 494 1836 Iucundum
521 1805 561 1836 sit
586 1806 753 1847 eulogium,
907 1808 966 1841 1b.
999 1809 1126 1849 Olympi
1152 1815 1226 1842 ovat
1252 1812 1366 1843 solium

318 1852 408 1890 Quod
422 1861 536 1884 neuma
550 1853 657 1893 prodit
667 1854 821 1896 cordium,
1001 1857 1123 1888 Harum
1151 1857 1239 1890 foetu
1265 1859 1431 1899 nobilium,

317 1900 392 1931 Cum
420 1900 572 1931 caelestes
598 1901 774 1934 ierarchiae
1000 1905 1083 1944 Quas
1110 1904 1207 1946 fovet,
1234 1910 1265 1938 et
1293 1908 1428 1939 eximiae

317 1947 445 1978 Festum
473 1947 655 1989 hymnizent
672 1949 820 1989 Sophiae.
1000 1953 1096 1985 Alma
1121 1957 1223 1986 mater
1248 1955 1414 1988 ecclesiae.

222 2034 282 2065 2a.
314 2032 385 2064 Non
413 2032 559 2073 deplorat
584 2035 740 2073 puellulas
905 2037 966 2071 2b.
997 2038 1096 2070 Fides
1122 2048 1276 2080 supernas
1303 2043 1450 2082 speculas

315 2080 430 2112 Poenis
456 2082 583 2113 strictas
609 2083 789 2123 tenellulas,
999 2087 1144 2127 Pergirat
1171 2092 1203 2120 et
1229 2090 1428 2131 cavernulas,

313 2128 396 2160 Dum
422 2129 479 2160 has
505 2129 624 2169 Sophia
650 2131 783 2170 protulit
997 2133 1112 2166 Ustum
1139 2139 1258 2168 cratem
1285 2146 1356 2169 cum
1374 2140 1509 2180 pertulit

312 2176 354 2208 Et
373 2176 508 2208 Domino
534 2176 670 2209 libamen
693 2178 818 2213 obtulit.
999 2182 1040 2213 Et
1055 2185 1214 2216 mucronis
1228 2186 1420 2219 senteutiam
1435 2188 1511 2220 sub·

1304 2234 1351 2269 iit.

219 2311 278 2343 3a.
311 2310 426 2343 Videte
452 2320 535 2343 nunc
560 2312 759 2352 miraculum,
910 2315 972 2349 3b.
1004 2317 1165 2349 Summum
1193 2316 1284 2351 floret
1303 2320 1516 2365 signaculum,

314 2359 404 2399 Quod
415 2360 615 2399 Spesmundi
627 2361 845 2394 umbraculum
1003 2364 1118 2397 Totale
1142 2375 1212 2398 cum
1238 2367 1399 2407 piaculum

315 2407 398 2439 Vase
423 2408 501 2440 vicit
525 2407 689 2451 conflatili,
1002 2413 1111 2445 Poena
1135 2418 1229 2447 necat
1254 2417 1416 2450 transibili

315 2455 416 2488 Vento
443 2454 541 2488 flante
566 2457 700 2498 ignibili.
1004 2460 1171 2504 Charitas,
1185 2473 1303 2504 sponsa
1318 2466 1422 2499 dulcis
1435 2467 1507 2503 Dei.
