1655 2713
747 153 981 186 -22-

630 245 672 276 14.
715 245 755 276 De
777 246 885 275 sancto
907 243 1091 275 Adalberto.

660 316 688 347 1.
717 315 879 346 Coucentu
905 315 1063 346 melodiae

718 362 796 392 caeli
823 361 992 393 iubilemus
1019 363 1166 401 Domino,

224 437 285 468 221.
322 438 485 468 Astrorum
513 439 566 476 qui
594 438 683 475 caeli,
909 440 928 470 2
945 438 976 472 b.
1009 440 1124 472 Omnia
1149 441 1283 481 proprio

318 488 433 521 terrae,
462 485 620 524 marisque

1002 487 1073 519 iure
1099 493 1250 528 potenter

314 531 459 561 conditor
1004 536 1159 569 condidit.

224 615 278 636 η.
311 605 389 636 Nam
417 606 479 645 ipsi
508 611 581 638 sunt
613 613 725 640 cuncta
906 610 971 644 3b.
1008 613 1044 644 In
1072 613 1168 644 terris
1194 614 1279 653 quod
1307 618 1412 647 exstat

313 653 455 684 subiecta
484 664 626 694 quaeque
653 662 725 687 sunt
1002 660 1032 690 in
1061 661 1233 701 mensque,
1262 668 1377 695 cuncta

312 702 545 740 permanentia,
1002 707 1063 739 sibi
1090 709 1238 744 iubilant.

217 779 279 810 4a.
312 777 405 808 Hunc
432 778 600 810 Dominum
907 786 925 815 4
942 784 971 815 b.
1003 786 1062 824 Qui
1089 786 1210 818 subditi

313 825 470 856 caelorum
497 827 627 858 colimus
1001 832 1117 864 fuimus
1145 835 1267 874 legibus

313 872 363 903 hic
390 882 446 904 nos
473 875 520 904 sui
548 873 667 916 famuli,
1000 881 1100 912 hostis
1126 884 1330 918 atrocissimi.

217 951 234 980 5
251 957 279 981 a.
312 950 374 980 Per
399 951 531 986 aratiam
556 951 673 982 Christi
904 956 964 989 5b.
996 958 1124 989 Erectis
1150 960 1190 991 ad
1219 961 1341 992 caelum

311 998 479 1036 perspicue
507 999 656 1040 lucidam,
998 1005 1170 1038 luminibus
1196 1010 1342 1049 geminis,

311 1044 448 1075 Confuso
475 1049 620 1087 tyranno,
999 1053 1140 1086 Terrena
1167 1055 1347 1096 linquentes

309 1096 440 1123 ovantes
466 1095 664 1132 regredimur
998 1102 1125 1133 caelicis
1153 1112 1221 1134 cum
1250 1105 1373 1138 civibus

310 1148 365 1170 nos
391 1140 430 1170 ab
457 1141 568 1172 exsilio
997 1149 1126 1181 Christo
1152 1160 1279 1192 semper
1306 1153 1417 1196 [laete]

309 1186 349 1217 ad
373 1188 529 1227 patriam3
995 1198 1184 1230 astantibus.

216 1268 278 1298 6a.
312 1267 399 1297 Inter
424 1277 512 1308 quos,
540 1268 728 1307 Adalberte,
898 1275 963 1308 6b.
997 1277 1057 1307 Hic
1084 1282 1137 1309 tua
1163 1280 1195 1310 in
1222 1282 1295 1313 aula

309 1319 442 1354 nostras,
469 1315 588 1348 inclite.
992 1325 1062 1363 pius
1089 1326 1222 1358 visitans

307 1361 417 1392 laudes
445 1371 512 1393 cum
541 1365 673 1395 canticis
992 1381 1049 1402 nos
1073 1375 1245 1407 reconcilia

306 1410 442 1448 suscipe,
990 1419 1136 1452 Domino.

214 1489 230 1519 7
247 1498 273 1520 a.
307 1489 354 1520 Tu
381 1499 515 1529 namque
900 1499 916 1530 7
933 1498 963 1530 b.
995 1500 1042 1531 Tu
1068 1502 1242 1540 splendens

308 1535 432 1576 fulgens
456 1547 552 1569 aurea

991 1548 1089 1588 signis
1116 1552 1213 1582 variis

306 1584 469 1623 dignitate,
991 1600 1020 1626 et
1048 1596 1213 1638 doctrinis,

306 1641 460 1670 spernens
487 1634 619 1672 gloriam
991 1644 1108 1676 docens
1134 1648 1270 1686 populos

304 1681 519 1722 temporalem,
988 1692 1133 1730 illuxisti,

304 1727 454 1758 nobiliter
991 1739 1074 1771 huns:
1100 1741 1237 1774 loculum

303 1775 454 1813 quaesisti
480 1777 617 1814 patriam
989 1787 1048 1817 tibi
1073 1790 1243 1829 assignasti

303 1821 452 1854 lucidam.
987 1834 1112 1875 iugiter.

206 1903 268 1934 8a.
302 1903 388 1943 Ergo
413 1903 471 1935 tibi
893 1914 953 1946 8b.
987 1917 1114 1949 Plebem
1143 1924 1215 1952 tuae

302 1949 493 1983 famulantes
985 1964 1159 1998 adunatum

299 2014 468 2023 «mmmm
987 2013 1148 2047 devotioni

300 2047 420 2077 auxilio
985 2070 1138 2095 conserva
1163 2065 1204 2096 ab

299 2094 352 2133 pio
377 2094 510 2133 pacifica
982 2108 1112 2142 incursu
1140 2118 1325 2148 cunctorum

298 2141 444 2175 Domino.

983 2155 1130 2199 hostium⁷

592 2227 623 2260 9.
651 2228 697 2260 Ut
721 2232 774 2261 tuo
799 2233 918 2265 auxilio

648 2275 774 2309 Christo
801 2280 894 2312 dante
920 2283 1056 2318 Domino

651 2324 747 2356 vitam
774 2329 901 2367 capiant
927 2338 1099 2369 aeternam.

257 2397 344 2425 Grad.
361 2408 412 2426 ms.
425 2401 554 2430 incertae
567 2403 691 2438 originis
703 2413 778 2433 saec.
793 2405 835 2434 15.
849 2408 917 2437 cod.
929 2412 1096 2443 Bruxellen.
1108 2418 1189 2446 Fetis
1206 2419 1288 2448 1174.
1305 2439 1336 2444 -

174 2435 231 2462 Ma
242 2438 310 2463 ter.
1347 2423 1487 2455 Melodie:
