1655 2713
253 379 314 411 13.

254 556 315 588 23.

254 732 312 762 33.

251 908 311 938 43.

253 1083 314 1114 53.

254 1256 312 1289 63.

256 1431 313 1464 73.

256 1783 315 1815 93.

232 1957 316 1989 103.

230 2133 312 2167 113.

306 1630 314 1638 .
346 1607 500 1644 Quattuor
526 1615 595 1637 cum
622 1606 711 1645 signa

745 167 1004 202 —292—

599 292 667 323 330.
709 292 742 322 In
763 289 951 321 Elevatione
972 297 996 320 ε.
1019 286 1159 318 Wiberti.

346 376 522 408 Psallamus
549 374 670 414 pariter
938 368 955 402 1
968 369 999 403 b.

348 424 473 456 Christo
499 422 694 453 sollemniter

394 473 526 504 Carmen
561 469 713 508 laetitiae,

346 553 505 593 Insignem
533 552 624 582 etiam
937 547 1000 580 2b.

344 600 435 632 Fecit
460 608 518 639 per
543 599 676 638 gratiam

396 647 562 687 Signorum
591 645 725 678 saeculo.

344 728 541 767 Contemptis
568 727 712 758 omnibus
937 725 999 757 3b.

345 777 463 808 Plenus
490 775 660 806 virtutibus

394 824 467 855 Vita
492 823 676 860 monastica,

342 905 452 938 Caecis
479 904 665 943 claritatem,
934 901 996 933 4b.

348 952 457 991 Captis
483 952 663 982 libertatem

391 1000 517 1031 Meritis
543 999 665 1038 tribuit,

347 1080 461 1120 Aegris
489 1080 543 1110 dat
569 1079 725 1110 medelam
936 1077 996 1110 5b.

349 1128 510 1166 Mutisqne
536 1126 692 1166 loquelam

397 1175 439 1206 Et
465 1174 570 1205 surdis
596 1174 749 1205 auditum.

344 1255 411 1286 Nec
438 1255 518 1286 solvi
543 1255 656 1293 potuit,
934 1253 994 1286 61).

348 1302 457 1334 Donec
483 1302 622 1332 restituit

395 1350 540 1390 Furtum,
568 1354 600 1380 ut
628 1349 744 1382 decuit.

346 1430 440 1462 Cuius
467 1431 609 1461 elevatur

351 1478 474 1517 Corpus
501 1482 531 1508 et
557 1478 679 1508 locatur

396 1527 500 1557 Hodie
527 1526 695 1565 decenter,

346 1653 441 1684 Fiunt
467 1654 499 1684 in
525 1653 584 1684 bac
612 1653 706 1692 digna
937 1605 998 1639 gb·

396 1701 593 1740 Elevatione,

347 1781 453 1813 Primo
483 1790 559 1812 crux
585 1785 790 1820 monstratur,
939 1781 1001 1815 9b.

351 1828 496 1860 Secundo
523 1829 654 1860 sedatur

395 1877 504 1907 Hostis
537 1876 688 1908 divinitus
697 1887 705 1917 ς

347 1959 466 1997 Quarto
488 1958 637 1989 exaudita
915 1960 956 1992 10
968 1958 999 1990 b.

347 2003 411 2038 Per
436 2006 537 2036 sancti
562 2006 676 2037 merita

395 2053 558 2092 Quondam
583 2052 619 2084 fit
645 2053 718 2087 alia.

344 2134 368 2166 O
395 2133 447 2173 pie
473 2138 617 2173 patrone,
913 2136 954 2168 11
967 2135 999 2169 b,

346 2181 462 2213 Mortis
487 2182 519 2212 in
545 2191 645 2222 agone

395 2229 444 2261 Sis
471 2229 541 2269 pius
566 2229 685 2270 opifex,

1032 369 1092 408 Qui
1119 368 1308 400 Guibertum
1333 369 1492 405 sanctum,

1032 417 1129 449 Caelo
1155 420 1339 448 coronatum

1081 463 1209 498 Corona
1234 464 1365 505 gloriae,

1030 547 1093 578 Hic
1119 546 1220 586 stirpe
1246 545 1374 584 nobilis,

1031 595 1105 626 Vita
1130 593 1313 630 laudabilis,

1079 642 1219 682 Fulgens
1244 641 1277 672 in
1304 640 1434 681 populo,

1028 725 1176 762 Migrans
1202 724 1235 754 in
1263 722 1381 755 Gorzia

1032 773 1151 803 vectus
1177 771 1217 802 ad
1245 771 1378 810 propria

1078 820 1182 851 Visuit
1208 819 1337 850 caelica.

1029 901 1155 933 Clausis
1183 900 1273 932 dedit
1299 908 1453 940 gressum,

1030 949 1191 980 Daemone
1217 948 1381 979 obsessum

1078 996 1194 1028 Sanum
1222 995 1371 1027 restituit.

1028 1078 1159 1116 Ligatus
1190 1077 1322 1108 caelitus

1029 1125 1096 1156 Fur
1122 1124 1155 1156 fit
1183 1130 1211 1155 et
1241 1124 1383 1164 cognitus

1079 1171 1141 1205 Per
1167 1172 1233 1202 eius
1259 1172 1425 1211 meritum;

1029 1254 1089 1284 Tot
1115 1257 1147 1284 et
1172 1254 1268 1284 tantis
1295 1253 1394 1293 signis

1031 1301 1204 1332 Guibertus
1230 1301 1363 1339 insignis

1079 1349 1201 1380 Mundo
1226 1349 1375 1382 innotuit.

1029 1429 1118 1460 Haec
1145 1430 1212 1460 dies
1239 1433 1373 1460 ornatur

1029 1478 1136 1516 Atque
1163 1482 1369 1508 consecratur

1079 1526 1106 1556 A
1132 1525 1201 1556 Deo
1227 1525 1360 1564 pariter.

1031 1605 1180 1638 Guiberti
1206 1606 1328 1636 meritis

1031 1654 1173 1693 Iustiqne
1198 1654 1314 1684 iudicis

1078 1702 1286 1732 Miseratione
1297 1712 1303 1734 :

1033 1782 1142 1813 Tertio
1169 1786 1316 1813 caecatur

1035 1830 1078 1861 Et
1103 1830 1301 1861 illuminatur

1077 1878 1197 1909 Mulier
1223 1878 1375 1917 caelitus,

1031 1959 1116 1990 Hinc
1142 1959 1229 1990 caelo
1255 1964 1287 1990 et
1312 1963 1400 1991 terra

1033 2006 1206 2039 Guibertus
1233 2011 1366 2039 aeterna

1080 2055 1198 2095 Fulget
1222 2055 1386 2090 memoria.

1033 2137 1079 2170 Ut
1104 2136 1166 2168 tuis
1192 2137 1316 2168 meritis

1031 2184 1131 2216 Iudex
1157 2184 1249 2216 nobis
1275 2185 1361 2216 mitis

1079 2232 1127 2264 Sit
1151 2242 1292 2264 summus
1317 2231 1445 2267 artifex.

650 2313 704 2347 12.
735 2313 839 2345 Amen
865 2314 973 2345 dicant
1001 2314 1120 2348 omnia.

306 2391 389 2418 Miss.
410 2401 463 2419 ms.
483 2392 695 2421 Gemblacense
717 2402 791 2421 saec.
814 2392 887 2422 ¹⁵l1s.
911 2394 983 2423 Cod.
1001 2395 1184 2423 Bruxellens.
1201 2394 1287 2424 5237.
1310 2413 1345 2416 -
1369 2396 1419 2430 la,
1439 2395 1458 2426 2
1473 2398 1549 2427 Cum

230 2428 355 2456 christo.
376 2444 414 2448 —
428 2429 477 2462 22,
502 2430 514 2458 1
531 2432 658 2467 Insigne.
679 2447 717 2451 —
736 2431 788 2466 4³,
812 2432 825 2460 1
842 2434 945 2462 Caenis
960 2433 1171 2462 characterem.
1185 2450 1223 2454 —
1237 2434 1286 2468 9³,
1308 2434 1325 2463 2
1340 2437 1496 2465 Sedantur.
1510 2452 1550 2456 —

233 2466 300 2500 lOa,
321 2466 339 2495 3
360 2470 398 2495 ist
419 2470 666 2498 unverstandlich.
689 2485 725 2490 —
748 2469 818 2505 lob,
842 2471 855 2499 1
878 2473 945 2500 Hic.
