1655 2713
765 157 1023 192 -202—

247 256 306 287 5a.
338 254 514 295 Margarita
541 255 667 293 diceris,
933 253 996 288 5b.
1028 255 1096 286 Iam
1122 263 1272 295 sponsum
1298 255 1516 296 amplecteris,

339 302 525 343 Margaritis
551 302 666 334 ceteris
1028 303 1095 335 Iam
1123 302 1250 336 Christo
1277 303 1490 344 coniungor-is,

341 351 467 381 Virtute
493 350 710 390 praeponeri5‚
1027 349 1094 382 Nos
1119 350 1200 392 Deo,
1226 361 1288 391 quo
1315 350 1444 391 frueris,

387 398 482 438 Virgo
510 398 624 438 digna3
1075 398 1286 439 Reconsigna.

294 500 408 528 Prosar.
432 511 481 527 nis.
504 502 728 529 Marchianense
750 510 825 529 saec.
850 501 893 529 15.
915 502 985 530 Cod.
1007 503 1139 530 Duacen.
1164 501 1226 530 123.
1254 518 1290 522 —
1315 503 1444 531 Melodie
1465 503 1539 531 viel-

216 539 318 566 leicht:
346 540 489 566 Mariae
518 541 710 575 preconio.

623 700 690 731 225.
730 698 772 730 De
795 702 904 731 sancta
926 700 1120 740 Mar-garetii.

542 810 572 840 1.
602 809 716 849 Pange,
745 809 859 840 chorus
885 810 1034 847 omnium,

602 865 685 888 nunc
708 857 910 896 Margaretae
936 858 1142 897 triumphum.

234 959 294 990 22.
328 959 466 998 Virginis
493 960 583 990 huius
610 965 702 1000 pater
918 962 979 994 2b.
1011 963 1100 994 Haec
1126 963 1228 994 Deum
1254 965 1348 1005 colit;
1372 970 1467 1005 pater

327 1011 394 1037 erat
421 1007 605 1046 patriarcha
1014 1011 1099 1049 odit3
1128 1010 1228 1053 fugit;
1256 1013 1366 1044 nutrix

327 1054 509 1094 gentilium3
1016 1066 1084 1089 eam
1111 1059 1179 1091 alit.

233 1158 292 1189 3a.
325 1157 419 1190 Cuius
445 1168 519 1190 oves
545 1160 658 1199 pascit,
917 1161 978 1195 3b.
1011 1162 1130 1194 Videns
1155 1172 1225 1195 eam
1251 1165 1339 1204 cupit

327 1214 395 1236 cum
422 1205 603 1244 praefectus
1011 1211 1233 1251 praecipitque

324 1253 474 1292 Olybrius
500 1255 624 1286 transit.
1013 1257 1073 1288 sibi
1100 1261 1311 1298 praesentari.

228 1358 248 1388 4
263 1366 291 1388 a.
323 1357 427 1388 Verba
452 1358 573 1396 profert
602 1359 717 1399 dulcia,
916 1362 978 1395 4b.
1010 1363 1116 1394 Minas
1140 1363 1238 1395 infert
1263 1366 1390 1407 impius,

323 1413 380 1435 nec
407 1403 544 1437 flectitur
1012 1419 1069 1441 nec
1097 1410 1249 1443 formidat

323 1452 411 1491 virgo
438 1453 540 1485 beata.
1010 1467 1112 1498 neque
1138 1464 1287 1493 terretur.

226 1558 287 1588 5a.
319 1557 411 1588 Furit
438 1557 489 1588 hic
515 1558 664 1599 iubetque
917 1562 977 1594 5b.
1010 1562 1107 1594 Vorat
1136 1564 1216 1595 lianc
1244 1565 1352 1601 draco,
1379 1567 1437 1598 sed

324 1605 475 1644 virginem
502 1606 705 1638 incarcerari.
1011 1611 1100 1650 signo
1127 1613 1230 1643 crucis
1258 1613 1423 1647 liberatur.

227 1709 289 1741 63.
321 1709 397 1740 Post
422 1709 499 1741 haec
525 1709 705 1750 flagellatur
915 1714 977 1747 6b.
1010 1715 1135 1747 Rastris
1161 1717 1332 1760 laceratur,

319 1756 426 1796 virgis,
454 1766 527 1788 aere
555 1759 772 1800 suspenditur,
1010 1764 1216 1802 comburitur,
1243 1767 1333 1806 aquis
1351 1769 1520 1809 mergitur.

225 1860 282 1892 7a.
314 1861 389 1892 Post
417 1860 595 1894 decollatur
622 1868 653 1894 et
911 1867 969 1900 7b.
1002 1868 1050 1900 Sit
1075 1869 1144 1901 laus
1170 1872 1266 1913 patri,
1294 1877 1370 1905 nato

315 1908 347 1939 in
374 1910 524 1948 paradiso
1005 1917 1101 1954 salus,
1129 1917 1249 1950 flamini

318 1956 501 1990 collocatur.
1005 1968 1114 1996 sancto
1142 1967 1253 2000 virtus.

195 2097 230 2124 Ol
272 2059 394 2125 Egissale
415 2061 612 2090 Noviomense
634 2065 701 2099 imp.
724 2065 899 2102 Rothomagi
925 2065 1007 2096 1506.
1028 2085 1063 2088 —
1082 2067 1141 2103 3a,
1163 2069 1180 2098 2
1203 2081 1269 2099 cum
1290 2073 1354 2100 hac.
1371 2090 1405 2094 —
1421 2073 1474 2109 33,
1496 2075 1514 2104 3

234 2107 280 2127 vm
305 2108 372 2125 rius.

606 2233 670 2264 226.
712 2234 753 2265 De
775 2237 886 2267 sancta
907 2236 1097 2276 Margareta.

217 2348 274 2382 la.
305 2349 409 2382 Adest
436 2350 504 2383 dies
530 2352 647 2384 decora
906 2358 922 2390 1
938 2357 969 2392 b.
1000 2358 1207 2401 Margaretae
1232 2363 1342 2406 series,

309 2397 379 2429 Hac
404 2398 492 2436 hora,
519 2409 581 2440 qua
606 2410 664 2441 per
689 2410 746 2434 ora
999 2406 1096 2439 Cuius
1126 2410 1191 2442 vita
1216 2413 1341 2452 species

356 2446 475 2479 Nostra
501 2453 695 2481 memoratur
1048 2456 1246 2499 Perpulchra
1272 2461 1440 2501 probatur.
