1655 2713
232 223 291 256 5a.

230 407 293 439 63.

230 589 287 620 73.

227 770 286 802 Sa.

740 129 1000 165 —342-

323 223 442 256 Rarum
468 225 554 257 inter
579 227 762 267 coniugatos
922 229 984 262 sb.
1017 230 1077 262 Illa
1103 233 1264 272 quondam
1291 235 1476 277 maledicta,

327 273 362 303 In
390 273 486 304 cubili
516 278 721 314 congregatos
1016 278 1116 311 Modo
1142 281 1205 313 ista
1231 281 1402 317 benedicta

376 320 450 352 Sine
477 322 580 353 carnis
603 332 711 362 opere.
1063 327 1181 360 Sociali
1207 328 1347 363 foedere¹

325 407 432 446 Nupta
457 411 573 439 terram
601 409 800 451 adimplevit,
916 412 1047 446 6b.1n
1075 415 1163 446 caelo
1190 415 1269 449 fiunt
1294 420 1434 463 nuptiae,

324 456 460 494 Innupta
495 457 614 487 caelum
649 459 830 498 complevit,
1012 462 1154 502 Sponsae
1179 473 1274 497 verae
1300 468 1456 501 ecclesiae

372 503 530 534 suadetur
556 506 697 540 castitas.
1061 511 1122 543 Ubi
1148 517 1195 544 est
1223 512 1415 550 fecunditas.

320 589 457 628 Propter
467 599 597 630 regnum
608 601 641 623 se
653 596 829 625 castrantes
915 597 932 627 7
946 596 976 627 b.
1008 597 1145 637 Cupiunt
1173 608 1243 631 esse
1268 602 1407 643 steriles,

323 636 432 676 Neque
458 639 580 677 prolem
607 646 829 681 exspectantes
1010 645 1053 677 Ut
1079 646 1143 677 sint
1170 648 1201 679 in
1229 650 1317 681 caelo
1344 650 1481 694 fertiles,

371 685 516 717 t'aelibes
543 693 720 720 evaserunt.
1059 694 1206 734 Virgines
1232 704 1489 736 permanserunt.

317 770 439 802 Matres
465 774 614 812 parvulos
641 779 800 814 gestantes
914 779 974 813 8b.
1007 780 1120 811 Statim
1147 782 1332 823 languentes
1355 790 1512 819 sanantur

323 818 363 849 Et
389 819 422 850 in
447 820 588 858 grabatis
614 827 778 860 portantes
1006 827 1054 859 De
1080 830 1235 869 sospitate
1261 832 1430 873 laetantur,

371 866 548 906 Requirunt
573 871 724 903 remedia.
1055 876 1202 909 Redeunt
1227 879 1268 910 ad
1295 882 1438 921 propria.

278 951 415 986 Sequent.
438 961 490 979 ms.
505 954 728 982 Ravennatense
750 958 819 983 anni
844 956 1001 986 1585—87.
1018 962 1087 988 Cod.
1104 963 1236 992 Classen.
1259 963 1314 992 360
1334 964 1409 996 (139.
1431 966 1458 994 5.
1475 968 1515 1001 S).

634 1133 699 1163 355.
742 1134 783 1164 De
805 1137 914 1166 sancta
935 1137 1074 1169 Eulalia.

226 1237 284 1270 la,
316 1237 465 1270 Nascitur
492 1240 530 1271 de
557 1241 735 1274 Barcinona
912 1247 970 1278 lb.
1002 1248 1129 1290 Martyr
1155 1252 1244 1292 virgo
1270 1254 1407 1294 Eulalia,

319 1286 489 1318 Iuvencula
516 1289 659 1328 pulchra,
687 1289 778 1330 bona,
1001 1295 1071 1328 Non
1098 1298 1247 1331 humilior
1272 1303 1345 1340 alia,

366 1333 412 1364 De
438 1344 550 1374 magna
577 1336 742 1376 Hispania.
1052 1345 1187 1378 Pertulit
1212 1350 1383 1389 supplicia.

221 1419 283 1449 2a.
316 1419 417 1450 Annis
444 1419 545 1451 tribus
571 1431 667 1461 super
693 1423 801 1455 decem
907 1427 967 1461 2b.
999 1429 1087 1463 Mala
1114 1433 1215 1464 malus
1241 1435 1430 1469 inhumanus

314 1467 521 1507 Praeparavit
547 1478 580 1499 se
606 1470 647 1501 ad
673 1479 792 1511 necem,
999 1478 1113 1517 Auget,
1141 1479 1217 1512 furit
1244 1482 1406 1517 Dacianus

364 1515 487 1546 Patitur
513 1517 665 1552 crudelia.
1047 1526 1126 1558 Prae
1154 1530 1261 1561 cordis
1289 1534 1428 1568 vesania.

221 1599 279 1630 33.
312 1599 420 1631 Primo
445 1601 573 1633 nodosis
598 1602 734 1636 fustibus
906 1610 969 1643 3b.
1000 1612 1041 1643 Et
1068 1622 1165 1653 super
1190 1616 1307 1648 lectum
1334 1618 1474 1652 ferreum

312 1646 362 1677 Ex
386 1648 499 1679 arbore
523 1659 592 1681 cum
619 1652 772 1691 stirpibus
1000 1660 1121 1700 Corpus
1148 1667 1300 1707 tenerum,
1331 1676 1492 1710 carneum,

359 1695 472 1736 Raptis
498 1698 583 1729 nuda
609 1700 771 1743 caeditur3
1047 1708 1208 1742 Nudatum
1235 1715 1429 1750 extenditur.

217 1780 277 1810 4a.
309 1779 419 1812 Oleum
446 1784 588 1814 mammis
616 1783 769 1826 funditur,
904 1791 965 1826 4b.
1000 1794 1167 1828 Plumbum
1202 1808 1312 1832 manus
1340 1803 1507 1845 exurebat,

312 1827 348 1858 In
373 1829 458 1860 calce
484 1831 556 1862 viva
581 1834 710 1872 ponitur
998 1840 1148 1876 Fundens
1176 1846 1317 1879 dolorem
1337 1851 1508 1895 reddebat,

359 1875 508 1909 Graviter
533 1880 702 1914 cruciatur.
1045 1891 1142 1931 Virgo
1168 1903 1230 1925 non
1256 1897 1419 1932 urebatur.

217 1961 281 1992 53.
314 1960 362 1991 De
389 1960 572 2002 fragmentis
599 1967 786 2000 testularum
902 1973 963 2007 5b.
995 1975 1084 2007 Haec
1111 1978 1204 2010 beata
1230 1981 1410 2026 immobilis,

312 2009 455 2048 Augetur
482 2011 572 2043 dolor
596 2014 772 2056 plagarum,
995 2022 1104 2056 Firma
1130 2032 1236 2059 manet
1261 2035 1293 2060 et
1319 2032 1444 2066 stabilis

360 2057 482 2097 Corpus
507 2059 599 2092 huius
624 2063 759 2097 raditur.
1042 2073 1078 2103 In
1107 2077 1229 2107 cunctis
1256 2077 1406 2115 efficitur.

214 2142 275 2174 6a.
306 2143 382 2174 Post
415 2147 463 2176 tot
485 2146 596 2187 plagas
621 2152 652 2180 et
678 2150 812 2184 verbera
896 2155 958 2190 6b.
991 2159 1028 2190 In
1055 2169 1184 2194 carcere
1210 2168 1258 2196 est
1284 2167 1419 2211 reclusa,

308 2191 468 2224 Sanantur
492 2203 548 2226 sua
574 2197 704 2230 vulnera
992 2206 1057 2240 Ubi
1082 2210 1228 2248 protinus
1254 2214 1385 2253 perfusa

353 2239 426 2272 Sine
449 2243 669 2278 medicamine.
1038 2255 1087 2287 De
1113 2267 1251 2298 superno
1278 2262 1407 2300 lumine.

209 2322 335 2357 7a.1n
361 2327 471 2366 poenis
499 2329 579 2361 dixit
608 2333 770 2373 „gaudeo“
778 2359 785 2374 ‚
897 2339 958 2373 7b.
989 2342 1116 2374 Ponant
1140 2345 1173 2376 in
1199 2346 1302 2387 ignem
1323 2352 1501 2399 ardentem,

303 2371 386 2404 Dum
422 2376 539 2408 calcem
571 2380 703 2413 miscent
728 2383 808 2425 oleo,
989 2389 1028 2422 In
1042 2389 1204 2426 fornacem
1215 2404 1498 2447 consummantem,

349 2421 515 2456 Deliniunt
541 2427 682 2462 vulnera.
1036 2438 1171 2473 Feriunt
1196 2452 1254 2483 per
1277 2446 1378 2482 latera
