1655 2713
730 157 959 192 —62-

217 255 277 286 Ga.
313 253 430 285 Salutis
455 254 570 294 pocula

307 301 450 341 Spirans‚
481 302 527 333 sic
553 302 664 333 sedula

356 349 568 381 Refocillatur

402 398 487 429 Gens
513 398 639 429 misera.

900 254 962 287 6b.
996 254 1072 296 Nos,
1101 255 1239 296 Christe,
1266 255 1380 296 libera,

994 302 1122 335 Caelica
1147 312 1279 335 munera

1042 350 1101 389 Da,
1128 360 1221 391 quem
1247 352 1356 392 genuit

1091 400 1267 439 Puerpera.

264 481 346 508 Miss.
375 491 426 509 ms.
454 483 629 509 Pataviense
658 491 732 510 saec.
763 481 806 510 14.
834 483 905 510 Cod.
927 483 1122 511 cremifanen.
1146 481 1211 512 373.
1234 484 1280 511 ad.
1302 493 1380 512 saec.
1404 483 1448 512 14.
1469 498 1507 503 -—

186 518 245 549 4a,
271 517 288 545 2
316 520 447 547 Set-imus
473 520 516 547 de.
545 536 580 540 —
608 519 665 553 5a,
692 519 711 547 4
737 521 777 548 Et
801 524 906 549 cetera.
934 536 970 541 —
997 521 1056 557 fib,
1087 520 1106 550 3
1126 523 1173 549 Da
1195 531 1281 558 quae.
1304 537 1340 542 —-
1362 523 1507 551 Melodie:

187 558 462 585 Laetabundus.

607 699 653 730 59.
694 700 735 730 De
757 701 864 731 sancto
885 701 1071 741 Augustino.

212 786 267 818 la.
304 787 388 817 Voce
414 788 528 823 laudis.
557 788 641 824 Sion.
669 791 783 829 gaude,

304 835 459 866 plaudant
494 840 581 867 astra
608 846 688 868 nova
714 838 808 869 laude

350 882 425 914 Cum
453 884 573 923 ingenti
595 885 712 924 gloria3

210 968 268 999 2a.
303 967 364 998 Hic
389 969 500 999 doctor
526 970 759 1011 philosophiae,

301 1016 368 1052 Qua
395 1017 547 1047 caelestes
573 1018 749 1049 ierarchiae

326 1063 505 1095 Probantur
532 1065 703 1103 catholice;

207 1148 266 1179 3a.
303 1149 404 1180 Huius
432 1150 543 1180 doctor
568 1151 712 1182 veritatis

302 1195 430 1226 Librum
459 1198 587 1236 scripsit
614 1199 766 1231 trinitatis

347 1243 528 1275 Excellenti
555 1246 689 1285 lumine;

204 1331 262 1361 4a.
299 1329 548 1362 Haeresiarchas
579 1331 733 1371 confudit,

298 1376 500 1416 Disputando
528 1379 600 1409 dum
627 1380 769 1411 excludit

344 1424 453 1456 Sectas
480 1426 590 1457 horum
618 1428 733 1467 varias,

203 1512 261 1541 5a,
298 1510 390 1542 More
417 1511 492 1542 solis
518 1512 587 1543 orbi
613 1513 729 1550 lumen,

299 1559 411 1589 Verum
440 1560 582 1598 paradisi
608 1559 724 1592 flumen

341 1606 460 1645 Rigans
495 1616 587 1638 omne
612 1609 782 1641 saeculum.

199 1691 258 1722 fia.
294 1692 319 1721 O
346 1693 491 1723 columna
516 1693 576 1724 Dei
602 1695 733 1734 templo.

295 1739 399 1770 Verbo
426 1741 542 1771 docens
569 1746 599 1772 et
627 1743 772 1782 exemplo

339 1786 452 1818 Gratia
478 1787 640 1828 largiflua3

197 1872 256 1903 7a.
294 1872 374 1903 Vere.
401 1873 495 1904 stella
521 1875 649 1906 radiosa

289 1920 431 1959 Caligine
457 1921 610 1954 nebulosa

336 1968 376 1999 Et
403 1969 533 2001 lucerna
559 1971 707 2010 praevia;

193 2054 250 2087 8a.
286 2053 413 2086 Summe
440 2056 562 2093 doctor,
591 2059 778 2098 Augustine‚

284 2103 452 2141 Apotheca
481 2104 667 2145 medicinae,

333 2150 441 2182 Nubes
471 2153 553 2183 roris
579 2154 711 2196 gratiae,

191 2237 250 2268 9a.
287 2237 374 2268 Doce
400 2247 456 2269 nos
481 2238 513 2270 in
540 2239 603 2271 fide
630 2240 750 2272 Christi

282 2286 415 2326 Capere‚
446 2296 526 2326 quae
549 2288 696 2328 docuisti,

331 2334 450 2366 Tenaci
476 2336 633 2368 memoria

896 790 956 823 lb.
993 793 1162 833 Augustini
1191 791 1394 833 confessoris,

992 841 1244 872 Praeclarissimi
1271 841 1423 880 doctoris,

1037 888 1209 919 Exsultent
1236 889 1400 921 memoria.

894 973 955 1004 2b.
995 973 1055 1004 Per
1081 978 1188 1005 creata
1216 974 1256 1006 de
1283 979 1412 1006 creante

988 1021 1077 1052 Haec
1102 1031 1155 1052 ars
1182 1021 1247 1053 fide
1273 1023 1434 1054 mediante

1037 1069 1188 1108 Disputat
1218 1069 1387 1103 rhetorice.

892 1155 911 1185 3
924 1153 953 1185 b.
989 1155 1088 1186 Astra
1105 1155 1233 1186 scandit
1251 1157 1500 1197 contemplando

987 1202 1029 1234 Ut
1056 1203 1163 1241 aquila
1188 1203 1384 1242 speculando

1033 1249 1172 1290 Spiritus
1201 1252 1355 1283 acumine.

889 1334 950 1366 4b.
987 1334 1189 1375 Sagittasque
1215 1337 1406 1368 Iudaeorum

984 1383 1140 1414 Pharetra
1166 1384 1384 1426 theologorum

1030 1430 1202 1462 Damnavit
1228 1431 1380 1465 nefarias.

889 1515 950 1547 5b.
986 1516 1062 1554 Quis
1088 1525 1122 1547 se
1148 1517 1235 1548 novit
1262 1518 1319 1549 tibi
1347 1528 1468 1561 parem,

984 1564 1046 1595 Per
1073 1564 1249 1596 doctrinam
1276 1567 1450 1599 salutarem

1031 1611 1140 1643 Omnis
1172 1613 1250 1644 cleri
1277 1615 1470 1654 speculum?

886 1696 948 1729 6b.
976 1697 1086 1728 Arbor
1111 1699 1254 1737 paradisi
1280 1700 1356 1739 lata,

980 1745 1051 1776 Toti
1079 1746 1197 1778 mundo
1225 1746 1332 1779 fructu
1357 1754 1460 1790 grata3

1028 1793 1125 1824 Poma
1152 1794 1230 1825 dans
1256 1795 1419 1829 melliflua.

885 1878 945 1910 7b.
981 1878 1055 1909 Dux
1080 1878 1167 1916 fidei,
1194 1879 1252 1912 flos
1278 1882 1453 1922 doctorum,

979 1926 1045 1957 Nos
1071 1927 1110 1958 ad
1139 1928 1256 1967 gaudia
1281 1930 1436 1963 iustorum

1024 1974 1095 2006 Duc
1125 1984 1183 2014 per
1207 1978 1317 2008 mundi
1343 1979 1440 2012 invia.

882 2060 947 2093 8b.
985 2061 1047 2092 Pro
1073 2060 1159 2101 filiis,
1187 2068 1290 2103 pater,
1318 2075 1384 2109 ora,

977 2109 1093 2148 Aegris
1119 2111 1253 2150 gratiam
1280 2113 1385 2147 irrora

1003 2156 1082 2189 Cum
1108 2157 1215 2191 fructu
1239 2161 1392 2195 iustitiae.

879 2242 942 2275 9b.
977 2243 1040 2277 Sic.
1067 2248 1103 2276 ut
1128 2249 1232 2277 tecum
1258 2248 1327 2280 sine
1354 2249 1426 2290 fine,

974 2292 1066 2324 Felix
1093 2297 1186 2333 pater
1211 2297 1400 2341 Angustiae,

1022 2339 1192 2374 Laetemur
1217 2343 1250 2375 in
1277 2345 1389 2384 gloria.

243 2420 403 2447 Collectan.
425 2430 476 2448 ms.
498 2421 621 2449 Eremit.
643 2422 875 2458 Augustinorum
896 2425 1101 2454 Vindobonen.
1123 2435 1200 2455 saec.
1225 2428 1268 2457 16.
1290 2431 1361 2459 cod.
1377 2433 1489 2463 Vindo-

166 2456 271 2485 bonen.
292 2457 376 2486 3301.
399 2474 434 2478 —
456 2459 541 2487 steht
559 2464 645 2488 unter
665 2463 746 2489 einer
765 2463 858 2491 Reihe
878 2472 938 2491 von
958 2464 1140 2501 Sequenzen.
