1655 2713
146 497 208 529 2a.

147 680 209 713 3a.

148 863 209 896 4a.

147 1047 208 1079 52.

151 1375 212 1408 6a.

153 1556 212 1589 7a.

151 1887 213 1920 8a.

673 146 910 183 ..43-

598 281 646 312 39.
688 280 731 312 Do
752 281 862 312 sanctu
885 279 984 310 Anna.

475 363 508 395 1.
549 361 760 402 Congaudent
784 361 968 403 angelorum
997 357 1086 390 chori

547 411 621 442 lesu
647 410 771 443 Christi
796 410 899 451 aviae,

242 497 331 536 Quae
358 496 470 528 mundi
498 496 672 538 dominam,

244 544 375 576 Domini
401 549 547 582 matrem,

243 593 364 633 genuit.

246 679 328 711 Nam
355 679 452 711 Anna

244 727 386 759 laetatur
411 728 441 759 in
470 727 580 768 caelis,

244 775 308 807 iam
335 776 544 816 conspicatur
569 776 739 815 nepotem3

246 863 347 902 Quam
376 861 514 893 celebris

243 910 275 942 in
303 909 401 941 caelis
427 909 501 941 avia

241 959 317 991 Iesu
342 959 439 990 Anna
465 956 626 988 creditur!

245 1045 314 1084 Qua.
339 1044 444 1084 gloria

243 1093 275 1125 in
303 1093 402 1124 caelis
427 1096 540 1124 sancta
565 1092 661 1123 Anna

245 1141 379 1173 colitur!

244 1190 333 1229 Quae
358 1188 518 1221 dominam
547 1187 629 1220 caeli

244 1238 354 1279 genuit
379 1242 411 1269 et
436 1237 516 1269 aluit

249 1286 336 1318 dulci
358 1286 444 1317 lacte
469 1285 518 1317 sui
543 1283 695 1325 pectoris.

248 1374 305 1410 Te.
332 1374 428 1405 Anna
454 1372 559 1414 beata,

246 1422 326 1453 haec
357 1421 527 1462 plebecula

246 1470 308 1510 piis
335 1470 479 1501 celebrat
506 1468 679 1502 mentibus.

249 1556 296 1588 Te
323 1559 435 1587 cantus
461 1555 601 1595 supplex

250 1604 414 1636 collaudat
441 1603 631 1634 devotorum

250 1651 408 1692 fletusque
434 1652 543 1692 pulsat

249 1701 453 1742 gementium,

252 1749 449 1781 consolatrix
477 1750 573 1780 Anna

249 1801 282 1830 et
305 1797 449 1830 adiutrix
476 1797 636 1837 omnium;

247 1884 394 1918 Ecclesia

249 1943 325 1975 ergo
352 1937 468 1965 cuncta

248 1987 281 2014 te
307 1982 459 2014 cordibus

251 2035 346 2072 teque
374 2029 570 2062 carminibus

249 2084 433 2114 veneratur.

845 495 909 530 2b.

847 676 911 710 3b.

847 858 910 892 4b.

848 1041 910 1075 5b.

850 1370 912 1403 Gb.

853 1553 915 1587 7b.

852 1883 915 1917 8b.

944 495 1047 528 Filias
1073 497 1140 525 tres
1167 493 1281 524 sancta

941 545 1037 575 Anna
1061 540 1246 581 praeclaras

941 590 1063 624 habuit.

948 677 984 708 In
1011 675 1108 707 terris

943 725 1053 755 vivens
1080 724 1174 755 Anna
1198 721 1344 754 omnibus

943 771 1092 811 exempla
1118 774 1230 802 sancta
1256 767 1418 809 praebuit.

947 857 1098 891 Laudant
1125 858 1252 888 Annam

943 906 1069 937 beatam
1096 904 1213 944 augeli,

945 953 1100 986 ecclesiae
1127 952 1194 984 tilii.

946 1042 1045 1081 Quam
1073 1039 1247 1079 splendida

943 1091 1037 1120 sedes
1064 1093 1195 1120 sanctae
1220 1088 1336 1119 Annae

944 1137 1074 1169 rutilat!

943 1186 1012 1218 Rex
1040 1185 1191 1226 omnium,
1220 1183 1378 1220 Christus,

943 1235 1059 1273 aviam,
1088 1241 1172 1271 ecce,
1200 1241 1287 1263 suam

942 1283 975 1314 in
1001 1283 1136 1314 dextera
1163 1290 1221 1312 sua
1247 1280 1395 1311 collocat.

949 1370 995 1402 Te
1023 1374 1118 1401 cantu
1145 1367 1282 1406 melodo,

944 1418 1041 1455 beata
1067 1418 1172 1455 Anna,

946 1467 979 1498 in
1004 1466 1103 1498 caelis
1129 1465 1235 1505 angeli
1263 1463 1462 1496 collaudant.

951 1553 998 1584 Te
1022 1551 1127 1593 plebis
1154 1560 1250 1583 sexus

949 1606 1084 1640 uterque
1110 1604 1294 1640 veneratur,

948 1653 980 1680 te
1002 1649 1105 1680 omnis
1132 1655 1272 1680 maestus

951 1698 1163 1739 deprecatum

949 1756 967 1778 ο
994 1746 1089 1778 beata
1115 1748 1220 1783 Anna,

948 1804 1008 1836 pro
1033 1794 1126 1826 nobis
1153 1794 1257 1825 Iesum
1286 1802 1353 1827 ora.

952 1882 1025 1914 Tibi
1052 1892 1141 1914 suain

948 1929 1135 1963 manifestat

951 1980 1164 2020 devotionern,

948 2029 1046 2060 beata
1071 2033 1168 2068 atque
1194 2030 1305 2058 sancta

949 2087 967 2109 o
994 2078 1067 2109 lesu
1093 2077 1176 2109 avia.

537 2167 569 2200 9.
609 2166 661 2198 Da
686 2165 779 2198 nobis
805 2165 972 2207 auxilium,

609 2219 684 2257 post
709 2214 772 2246 hoc
798 2214 957 2256 exsilium,

608 2264 716 2304 Anna,

609 2311 672 2343 duc:
698 2319 755 2343 nos
785 2310 827 2342 ad
853 2309 1016 2351 gaudium.

201 2400 292 2430 Grad.
314 2409 367 2428 ms.
385 2398 626 2428 Bemhardinum
649 2405 726 2424 saec.
752 2393 830 2423 ¹⁶lie.
846 2395 916 2424 Cod.
933 2394 1128 2423 Bernhardin.
1145 2393 1320 2421 Cracovieu.
1343 2402 1366 2420 s.
1382 2401 1410 2419 n.
1432 2405 1470 2411 -

125 2439 179 2474 va,
199 2438 219 2468 6
239 2443 285 2468 est
304 2439 446 2467 adiutrix.
470 2452 506 2458 —
527 2436 657 2465 Melodie
673 2435 743 2470 jene
765 2434 821 2463 der
837 2435 1045 2463 Notkerschen
1063 2433 1310 2469 Mariensequenz
1332 2431 1469 2469 gleichen

123 2479 291 2516 Anfauges3
312 2486 352 2506 an
373 2478 496 2506 letzvere
519 2477 656 2513 Sequeuz
684 2473 769 2502 lehnt
787 2473 852 2501 sich
873 2473 949 2501 auch
971 2473 1023 2500 der
1043 2472 1120 2499 Text
1139 2479 1187 2499 an.
