1655 2713
727 176 985 212 —324—

230 283 291 314 3a.
324 279 456 312 Iacobus
481 278 535 309 ille
559 278 659 308 iustus

226 511 277 542 4a

227 693 285 723 5a.

224 874 282 905 6a.

228 1048 285 1080 7a.

225 1223 283 1254 8³.

223 1447 282 1477 9a.

201 1622 283 1653 lOa.

324 329 410 360 Iuste
435 326 540 358 Iustus
567 324 757 364 nominatus,

325 375 418 408 Cuius
445 373 533 405 fulsit
559 373 639 404 mira
664 372 765 403 virtus

373 424 460 454 Iusta
486 421 623 452 reddens
650 419 787 458 iudicia3

281 534 288 542 .
319 509 380 540 Hic
407 508 523 539 dicitur
550 505 650 537 frater
675 505 803 546 Domni,

323 556 418 587 Cuius
445 556 549 586 vultus
576 558 622 585 est
650 553 762 584 similis

321 604 363 635 Et
389 603 505 634 virtute
533 601 707 639 dissimilis,

316 691 345 721 A
372 689 534 728 primaevo
560 691 688 719 sanctus
715 690 792 729 erat,

320 737 516 769 Documenta
544 744 634 767 sacra
661 734 757 766 dabat

367 784 472 816 Verba
499 784 692 822 sapientiae3

316 870 454 910 Propter
480 871 566 902 vitae
592 870 792 901 sanctitatem

319 920 425 957 Atque
451 927 571 949 morum
598 918 787 957 gravitatem

370 966 471 997 Huius
498 964 582 996 fama
610 964 785 1005 redolebat,

320 1047 357 1078 In
384 1049 563 1077 sanctorum
590 1054 680 1076 sacra
706 1045 777 1076 loca

326 1094 366 1125 Et
395 1093 517 1132 ingredi
543 1093 684 1124 sacraria

374 1141 506 1172 Praeter
519 1141 607 1171 illum
623 1149 684 1170 non
694 1139 809 1171 licebat
820 1151 827 1179 3

315 1222 372 1253 Est
399 1231 417 1252 a
444 1221 515 1252 vino
540 1221 722 1261 abstemius,

321 1268 371 1300 Ab
398 1268 541 1300 omnibus
567 1268 698 1307 alienus,

367 1316 528 1355 Quidquid
561 1324 684 1346 sensum
712 1315 824 1347 mentis

542 1364 646 1395 vertit.

314 1445 425 1484 Neque
452 1444 529 1475 rasit
556 1444 728 1475 caesariem

318 1493 491 1531 Antiquum
504 1500 692 1523 consecrans
708 1500 826 1522 morem

370 1539 522 1571 Scultello
546 1539 695 1570 tonsariO.

316 1620 386 1651 Non
413 1621 532 1651 auratis
560 1624 607 1651 est
632 1621 775 1658 indutus,

319 1667 381 1699 Sed
408 1668 542 1699 sindone
569 1672 617 1699 est
642 1668 775 1699 amictus

367 1715 543 1755 Coloreque
570 1716 672 1756 niveo,

199 1796 240 1828 11
253 1804 282 1829 a.
312 1797 341 1827 A
367 1799 513 1827 contactu
539 1796 622 1827 omni
648 1805 758 1835 purus,

199 1972 271 2003 122

199 2150 271 2181 13a

198 2374 216 2406 1
224 2376 243 2406 4
253 2383 282 2407 a.
315 2373 446 2406 Scandit
460 2375 588 2414 pinnam
603 2375 713 2415 templi
722 2375 823 2408 iustus

324 1844 478 1876 Castitate
504 1844 677 1875 adornatus

365 1891 537 1931 Carnisque
564 1895 784 1932 conservator;

275 1999 282 2005 .
312 1972 423 2004 Manet
449 1973 552 2004 carnis
578 1972 744 2012 integritas

316 2019 359 2051 Et
385 2020 560 2059 corporalis
587 2021 717 2051 castitas

364 2067 479 2099 Illaesa
504 2068 669 2109 pudicitia,

275 2176 282 2182 .
311 2149 372 2180 Ille
397 2149 498 2180 iustus
523 2158 581 2189 per
606 2153 656 2180 ter
685 2150 783 2182 denos

315 2197 353 2228 In
380 2196 508 2236 Solyma
534 2197 617 2229 rexit
641 2207 749 2240 annos,

316 2245 521 2276 Praesulatus
547 2246 630 2276 inter
655 2255 792 2278 summos

362 2292 496 2332 Apicem
523 2294 707 2334 promeruit,

315 2420 508 2454 Praedicare
534 2423 664 2455 verbum
689 2424 792 2456 iussus

361 2469 403 2501 Et
429 2470 469 2502 ab
495 2471 561 2503 alto
587 2471 775 2506 demittitur.

915 273 977 307 3b.
1010 273 1069 305 Est
1096 275 1227 303 vocatus
1252 270 1413 311 posterior

1008 321 1119 361 Neque
1145 323 1252 360 potest
1277 327 1347 350 esse
1372 318 1477 350 minor

1008 369 1077 400 Nec
1102 368 1218 399 ceteris
1243 366 1388 405 inferior,

1057 417 1116 449 Est
1142 415 1284 456 aequalis
1309 415 1343 447 in
1368 414 1483 455 gloria.

912 503 976 537 4b.
1006 503 1049 535 Et
1075 503 1167 534 huius
1193 502 1296 534 sancti
1324 500 1422 533 facies

1006 551 1185 583 Videbatur
1211 549 1333 590 effigies

1054 599 1183 631 Domini
1209 597 1392 630 salvatoris.

911 686 969 719 5b.
1001 686 1098 718 Cuius
1125 685 1236 723 virtus,
1264 684 1352 715 cuius
1378 691 1482 715 mores

1004 733 1075 765 Non
1101 733 1235 764 attraxit
1260 733 1292 764 in
1319 740 1444 763 errores

1053 782 1114 813 Per
1140 780 1238 812 verba
1264 780 1417 811 malitiae.

913 868 975 902 6b.
1007 870 1056 900 Ac
1083 868 1208 907 populis
1234 865 1384 898 fidelibus

1006 916 1069 948 Ora
1095 920 1180 947 tacta
1205 915 1236 946 in
1265 914 1406 945 vestibus

1053 964 1227 995 Sanitatem
1255 960 1451 995 conferebat,

914 1044 976 1079 7b.
1007 1044 1108 1075 Huius
1134 1044 1195 1075 viri
1221 1043 1374 1074 sanctitas

1005 1093 1112 1131 Atque
1138 1101 1259 1122 morum
1286 1091 1453 1130 integritas

1055 1139 1108 1170 Sic
1134 1139 1201 1170 fieri
1229 1138 1433 1178 exposcebat.

909 1221 969 1253 8b.
1002 1221 1086 1253 Usus
1112 1219 1191 1260 fugit
1219 1219 1394 1250 carnalium

1002 1268 1046 1300 Et
1076 1268 1204 1299 carnale
1230 1267 1395 1298 obsonium

1049 1315 1218 1355 Nunquam
1250 1315 1352 1346 iustus
1377 1314 1510 1346 mandu-

1227 1363 1321 1395 cavit.

911 1443 972 1477 9b.
1006 1443 1104 1475 Totus
1131 1448 1241 1483 raptus
1267 1444 1298 1474 in
1326 1442 1486 1483 precibus,

1003 1491 1134 1524 Habens
1161 1492 1259 1523 callos
1286 1492 1318 1523 in
1344 1491 1479 1533 genibus

1053 1539 1139 1570 Sicut
1165 1540 1197 1570 in
1223 1539 1385 1572 calcaneo.

885 1621 925 1652 10
937 1620 967 1653 b.
1001 1621 1068 1652 Nec
1095 1621 1237 1660 corporis
1264 1622 1468 1653 nutrimentis

1003 1668 1113 1708 Neque
1139 1678 1214 1700 usus
1240 1673 1287 1700 est
1314 1668 1473 1706 fomentis,

1049 1716 1219 1756 Nunquam
1246 1715 1395 1756 perfusus
1429 1718 1511 1750 oleo.

887 1797 927 1829 11
942 1796 971 1829 b.
1002 1797 1098 1837 Fugit
1124 1801 1212 1829 actus
1239 1806 1391 1830 venereos

1004 1846 1111 1884 Atque
1136 1849 1239 1877 tactus
1267 1844 1420 1878 femineos

1054 1893 1255 1933 virginitatis
1281 1898 1416 1926 amator.

884 1974 926 2006 12
939 1973 970 2006 b.
1001 1974 1070 2006 Nec
1096 1983 1267 2006 consensus
1293 1975 1377 2006 ullus
1396 1976 1512 2008 mentis

1004 2022 1072 2053 Nec
1091 2023 1131 2054 ad
1149 2023 1266 2054 malum
1285 2026 1334 2054 est
1347 2023 1511 2065 proclivis,

1053 2070 1163 2102 Manet
1178 2071 1258 2101 recti
1271 2080 1360 2102 mens
1374 2073 1512 2105 conscia.

882 2151 965 2185 13b.
996 2151 1110 2183 Fidem
1144 2156 1256 2184 tenens
1289 2153 1506 2193 christianam,

1000 2200 1113 2232 Totam
1139 2201 1172 2232 iu
1191 2201 1320 2234 Christo
1337 2201 1508 2242 firmatam,

1005 2248 1109 2289 Supra
1135 2252 1259 2288 petram
1286 2249 1478 2293 roboratam,

1052 2296 1121 2328 Nec
1145 2306 1164 2328 a
1189 2296 1254 2329 fide
1281 2299 1351 2338 quis
1370 2299 1512 2334 divertit.

886 2377 930 2410 14
941 2377 972 2411 b.
1004 2377 1153 2410 Graviori
1178 2378 1272 2420 lapsu
1299 2380 1363 2412 ruit

1001 2425 1114 2467 Neque
1138 2430 1244 2459 tamen
1271 2428 1334 2460 cito
1360 2430 1455 2471 perit,

1047 2474 1187 2508 Claudus
1212 2479 1336 2509 tantum
1362 2476 1513 2515 efficitur.
