1655 2713
751 143 1014 178 —156—

611 293 669 323 168.
715 293 756 323 Dc
777 293 896 324 sanctis
918 293 1147 326 Innocentihus.

725 383 755 416 1.
784 383 878 416 Sator
904 393 1037 426 summe,

244 469 303 501 2a.
334 469 507 500 Praeconia
907 470 969 505 2b.
1001 472 1069 512 Quo
1095 472 1224 505 valeant

339 516 478 547 canimus
504 516 562 547 tibi
590 526 736 555 consona,
1002 519 1129 552 tibimet
1155 520 1224 552 fore
1250 521 1379 561 placita.

241 602 259 631 :3
271 610 298 634 a.
330 601 388 632 Est
415 611 550 641 namque
578 602 717 644 dignum,
909 605 972 637 3b.
1006 606 1069 638 Pro
1094 615 1157 646 qua
1182 607 1351 640 humanam

336 653 369 679 ut
396 649 537 681 lauderis
1004 653 1152 694 dignatus
1179 663 1212 686 es

334 696 374 727 ab
401 698 545 740 ecclesia,
999 711 1123 734 sumere
1149 701 1297 736 formam.

241 784 299 814 4a.
334 783 379 814 Te
406 768 479 814 nat'o
506 784 537 815 in
565 788 651 816 terra
908 787 971 819 4b.
1006 789 1219 828 Pastoresque
1244 791 1290 821 tui

333 831 438 871 angeli
464 836 579 863 canunt
607 834 741 873 cantica,
1005 841 1139 868 cernunt
1164 837 1240 868 lacti
1267 839 1437 878 magnalia.

237 918 295 948 5a.
329 916 448 956 Impius
796 961 799 963 ‚
908 921 969 954 5b.
1001 922 1135 954 Lividus

335 963 480 995 Herodes
508 964 613 996 fremit
1000 970 1087 1001 iubet
1115 972 1222 1003 necari

335 1016 429 1051 atque
455 1017 553 1044 tumet
580 1013 639 1054 ira,
998 1019 1204 1057 parvulorum
1231 1020 1330 1054 milia.

241 1097 299 1128 6a.
333 1097 417 1135 Quos
439 1098 559 1129 caelum
586 1099 671 1138 capit
905 1102 966 1136 6b.
998 1104 1125 1143 Agnum
1151 1113 1220 1136 cum
1247 1106 1353 1145 palma

338 1149 366 1175 et
394 1154 491 1184 supra
516 1146 679 1178 stellarum
1002 1151 1055 1190 qui
1082 1157 1257 1192 sequuntur
1283 1158 1403 1194 marty-

344 1192 452 1232 dirigit
479 1193 558 1232 loca,
1002 1199 1041 1230 rii
1067 1208 1127 1238 per
1154 1204 1246 1239 prata

630 1281 660 1312 7.
688 1280 842 1313 Caelestis
871 1283 955 1314 vitae
981 1293 1124 1317 amoena.

219 1400 227 1426 l
295 1362 381 1397 Trop.
404 1372 454 1389 rns.
477 1364 635 1391 Prumense
658 1374 732 1392 ¹mcc.
758 1363 829 1393 ¹⁰C11.
852 1367 923 1395 Cod.
945 1368 1073 1395 Parisin.
1096 1368 1180 1398 9448.
1202 1388 1237 1391 —
1259 1371 1324 1402 4b.
1347 1370 1365 1399 2
1385 1374 1537 1409 magnalia

231 1401 305 1428 aeti:

339 1403 411 1427 stfirt
432 1401 487 1428 den
509 1406 590 1428 sonst
612 1403 783 1431 heachteten
804 1406 930 1433 Auslaut
952 1407 1026 1434 aller
1047 1408 1193 1444 Strophen
1214 1411 1267 1437 aus
1284 1416 1312 1438 a.
1334 1427 1369 1431 —
1391 1412 1538 1440 Melodie:

219 1438 331 1464 stans
358 1439 520 1475 alonge.

241 1784 299 1816 221.

240 1917 299 1948 Sa.

238 2099 298 2130 42.

240 2282 300 2312 5a.

614 1563 672 1593 169.
717 1564 758 1595 De
781 1564 900 1596 sanctis
917 1566 1145 1599 Innocentibns.

604 1651 634 1685 1.
662 1653 788 1685 Gaudet
816 1642 954 1688 clemens
981 1657 1134 1690 Dominus

662 1710 759 1741 super
783 1711 909 1743 agmina
936 1713 1028 1737 sacra

332 1783 519 1815 Sanctorum
545 1786 686 1825 pretiosa
907 1790 969 1822 2b.
1000 1791 1148 1824 Herodes
1173 1803 1252 1834 quos
1278 1795 1423 1830 carnifex

334 1831 537 1864 innocentum
563 1833 675 1873 gloria,
1000 1840 1118 1872 occidit
1142 1846 1245 1874 morte
1271 1849 1413 1884 cruenta,

333 1916 561 1950 Ecclesiastica
588 1919 679 1951 nobis
904 1923 965 1958 3b.
999 1926 1061 1957 Pro
1088 1927 1202 1966 quibus
1227 1930 1374 1963 omnibus
1400 1932 1461 1965 tibi

334 1963 430 1995 hodie
455 1965 537 1997 sicut
564 1975 660 1998 verax
995 1973 1072 2005 Iam
1086 1984 1174 2007 nunc
1188 1976 1342 2010 intonant
1351 1983 1536 2020 praeconia

333 2017 442 2044 narrat
468 2013 611 2046 historia.
995 2025 1108 2053 nostra
1134 2023 1259 2058 inclita.

331 2099 430 2137 Quem
465 2099 576 2132 laudat
603 2102 740 2134 caelicus
765 2104 845 2136 ordo
905 2105 967 2142 4b.
999 2107 1130 2140 Caelum
1156 2114 1188 2141 et
1214 2111 1331 2155 sidera,
1359 2124 1488 2156 semper

334 2147 498 2187 omnisque
506 2149 644 2188 populus
654 2150 855 2191 christianus,
997 2155 1163 2189 Christum
1169 2158 1536 2198 Dominumlaudantia

333 2203 420 2226 mare
446 2199 476 2226 et
500 2194 641 2237 flumina,
990 2213 1052 2244 per
1075 2206 1209 2238 saecula
1232 2210 1357 2245 omnia.

330 2281 383 2313 11Ιί
410 2291 467 2313 nos
495 2282 658 2316 dulcisona
903 2288 966 2323 5b.
1003 2290 1127 2323 Cuncta
1153 2297 1183 2324 et
1211 2293 1374 2330 laetentur

331 2329 475 2362 canendo
501 2339 577 2362 voce
998 2338 1156 2373 clementa
1181 2351 1324 2384 quaeque

332 2377 456 2417 pariter
480 2378 559 2411 odas
998 2386 1059 2419 hac
1085 2388 1137 2420 die
1162 2389 1256 2423 simul

332 2434 559 2466 concrepemus
587 2427 722 2471 debitas,
997 2435 1192 2470 coniubilent
1218 2440 1358 2476 condita.
