1655 2713
690 146 932 182 -59-

160 243 224 276 6a.
259 242 427 275 perimunt
453 244 657 276 Arthemium

308 290 452 330 Cuspide
478 292 651 330 mucronis,

255 338 356 378 Quem
383 338 470 370 Deus
493 340 539 383 2²²⁶
565 339 680 370 solium

303 385 424 418 Sacrae
450 386 583 418 visionis

354 433 501 466 Deduxit
529 432 740 465 sollemniter.

161 528 222 562 7a.
256 526 379 559 Horum
406 524 551 556 membra
577 523 741 555 trucidata

258 575 330 607 Huc
356 583 375 606 a
400 573 504 606 Roma
529 576 605 604 sunt
631 572 742 603 delata

256 623 300 655 Et
325 623 358 654 in
387 631 444 654 ara
469 621 626 653 tumulata

306 671 376 703 Hac
402 670 544 702 Iustinae
570 668 717 709 virginis.

859 241 923 274 6b.
961 239 1110 273 Candida
1136 248 1205 270 cum
1232 239 1355 278 virgine

1004 287 1089 320 Saxa
1115 287 1328 327 pertulerunt,

954 336 998 368 Et
1023 335 1070 366 sic
1097 333 1167 366 fuso
1194 335 1348 374 sanguine

1006 383 1117 423 Regna
1142 385 1328 414 meruerunt

1028 430 1158 463 Caelica
1184 429 1333 464 feliciter,

861 522 925 557 7b.
960 523 1004 554 Hi
1028 532 1088 562 pro
1115 522 1209 562 plebe
1236 521 1425 553 Placentina

958 570 1181 611 Suffragantur
1207 579 1276 601 cum
1306 570 1427 600 Iustina

959 619 999 651 Et
1024 628 1094 650 cum
1124 618 1281 658 virginum
1310 618 1429 657 regina,

1007 667 1129 700 Summi
1156 671 1257 698 matre
1282 665 1430 697 numinis.

546 761 580 793 8.
609 760 668 794 Cui
695 759 738 792 sit
763 759 834 791 laus
861 762 890 790 et
918 759 1039 799 gloria;

604 810 709 841 Amen
737 808 847 840 dicant
874 808 991 839 omnia.

214 908 376 936 Collectan.
401 916 453 934 ms.
480 905 688 933 Placentinum
711 912 788 931 saec.
815 901 886 931 ¹²l1a.
914 903 985 931 Cod.
1015 903 1110 938 Capit.
1138 902 1302 929 Placentin.
1330 901 1374 929 65.
1416 901 1471 928 Mit

139 947 278 976 Melodie.
300 961 339 965 —-
360 945 413 978 4b‚
439 944 453 972 1
476 946 605 971 serenus
627 944 768 970 serviens.
787 956 825 960 —
847 940 900 974 7b,
922 940 939 968 2
963 941 1166 977 sufflagantur.
1189 957 1224 960 ——
1240 940 1391 967 Abschrift
1415 949 1473 966 von

139 988 213 1015 Rev.
234 987 273 1014 H.
295 986 334 1012 M.
357 985 526 1012 Bannister.

573 1124 620 1155 56.
663 1123 704 1154 De
727 1123 837 1154 sancto
859 1121 1042 1161 Augustino.

164 1239 224 1272 la.
261 1238 381 1270 Turma
406 1235 534 1277 plaudit
561 1234 682 1266 caelica

261 1285 392 1318 Christo
418 1284 561 1325 psallens
589 1282 715 1314 cantica

258 1334 443 1366 Resonante
469 1332 600 1371 musica,

162 1428 223 1459 2a.
261 1425 418 1458 Caelestis
445 1423 569 1456 familia

260 1473 413 1506 Celebrat
438 1472 608 1504 sollemnia

259 1523 331 1554 Non
361 1521 555 1553 deficientia.

164 1617 226 1649 3a.
262 1615 402 1654 Propter
428 1613 508 1645 haec
534 1611 690 1653 perennia

260 1662 461 1703 Augustinus
488 1661 595 1692 omnia

262 1710 393 1751 Sprevit
419 1709 616 1741 transitoria.

165 1806 226 1838 4a.
262 1803 326 1836 Hic
350 1813 368 1835 a
394 1802 535 1843 pueritia

264 1852 427 1884 Gradiens
452 1859 512 1892 per
539 1849 634 1881 devia

260 1901 367 1933 Multa
393 1900 492 1940 gessit
517 1898 620 1938 levia;

167 1997 227 2027 5a.
261 1993 380 2026 Matris
406 1992 475 2024 eius
502 1991 654 2032 precibus

261 2042 400 2074 Tractus
425 2040 466 2073 ab
494 2040 658 2072 erroribus

261 2091 409 2131 Iungitur
435 2088 606 2130 fidelibus·⁷

165 2185 225 2218 6a.
261 2183 347 2215 Hinc
374 2181 493 2214 divinis
519 2180 647 2221 legibus

263 2231 364 2264 Novis
391 2235 424 2262 et
450 2229 614 2262 veteribus

263 2280 389 2314 Claruit
413 2280 447 2310 in
473 2277 646 2319 plebibus3

164 2374 224 2407 7⁸..
258 2372 357 2405 Mille
382 2379 443 2412 per
469 2369 632 2402 volumina

263 2421 357 2452 Vitae
385 2420 466 2452 dans
495 2416 665 2450 documina

263 2469 352 2502 Caeli
379 2467 494 2509 pandit
519 2466 651 2503 limina;

864 1232 926 1266 lb.
965 1232 1034 1264 Poli
1061 1232 1212 1272 clangens
1241 1232 1328 1272 regia

959 1281 1038 1312 Boat
1065 1280 1097 1312 in
1125 1280 1290 1311 harmonia

957 1330 1105 1361 Consona
1135 1328 1284 1360 melodia.

862 1420 925 1454 2b.
963 1421 988 1453 O
1015 1430 1108 1461 quam
1137 1420 1216 1452 felix
1247 1421 1345 1459 curia,

958 1470 1056 1508 Quam
1090 1469 1185 1500 beata
1213 1469 1329 1510 patria,

959 1517 1023 1550 Ubi
1050 1521 1139 1549 tanta
1167 1517 1304 1559 gaudia!

866 1609 929 1643 3b.
966 1610 1065 1648 Quem
1094 1609 1216 1641 Christi
1244 1609 1413 1641 clementia

962 1659 1099 1690 Peracta
1126 1658 1262 1689 victoria

962 1706 1142 1738 Laureatur
1168 1706 1280 1746 gloria.

872 1798 934 1832 4b.
971 1798 1036 1832 Sed
1064 1798 1192 1829 Domini
1219 1799 1324 1838 gratia

965 1847 1043 1878 Post
1069 1848 1168 1878 multa
1196 1847 1367 1886 dispendia

964 1896 1087 1949 Ductus
1117 1900 1165 1927 est
1190 1896 1222 1927 in
1249 1896 1364 1935 patria.

866 1989 930 2022 5b.
967 1989 1025 2029 Qui
1052 1989 1194 2028 migrans
1222 1988 1261 2018 de
1288 1987 1425 2018 vallibus

963 2037 1158 2070 Conscendit
1187 2037 1218 2067 in
1246 2036 1406 2067 montibus

966 2086 1042 2118 Cum
1070 2085 1191 2118 Christi
1219 2084 1399 2116 clientibus.

871 2177 935 2212 tib.
972 2177 1089 2208 Verbis
1116 2181 1145 2208 et
1173 2176 1324 2217 oporibus

968 2227 1098 2259 Pastum
1127 2225 1217 2256 dedit
1243 2224 1356 2255 ovibus

963 2275 998 2306 In
1025 2274 1187 2305 Christum
1214 2272 1431 2304 credentibus.

872 2365 932 2400 7b.
970 2364 1083 2398 Caecis
1110 2363 1269 2403 praebens
1296 2363 1415 2395 lumina

967 2413 1062 2452 Legis
1085 2411 1193 2444 aufert
1219 2411 1359 2452 tegmina

966 2462 1028 2493 Per
1053 2461 1210 2492 librorum
1237 2459 1381 2492 fulmina.
