1655 2713
167 431 227 463 la.

165 550 229 608 ὲ..

168 770 229 800 3a.

687 154 923 190 ...23-

577 327 619 358 15.
660 328 704 359 De
725 328 835 358 sancto
856 324 1040 356 Adalberto.

262 429 335 462 Hac
362 428 414 460 die
442 427 526 460 festa
550 430 619 459 tota

263 477 444 518 gratuletur
470 476 614 514 Pulonia,

264 574 364 608 Cuius
390 582 488 613 opere

313 621 501 654 Setavorum
528 630 605 660 gens
623 620 662 651 ab
683 620 779 651 idolis

362 670 431 701 Deo
458 673 508 701 est
531 669 664 706 tradita,

265 767 348 799 Nam
373 766 497 807 sprevit
522 769 665 797 sanctum
685 772 779 804 prae-

605 813 707 844 sulem

316 861 381 894 Sua
405 861 523 893 natalis
549 861 666 900 patria⁷

163 960 229 991 4a.
255 958 317 990 Ille
339 967 395 990 rex
426 957 566 996 optimus

164 1155 184 1184 5
197 1161 228 1184 a.

166 1298 226 1330 Ga.

166 1442 185 1474 7
199 1451 228 1473 a.

165 1587 230 1619 8a.

165 1779 226 1812 9a.

313 1006 374 1038 Dei
401 1003 521 1037 famulo

362 1054 511 1085 Praestat
535 1052 698 1093 obsequia,

263 1151 327 1183 Sed
356 1150 484 1183 Pruscis
510 1153 624 1193 postea

311 1200 392 1232 Fert
418 1198 502 1230 vitae
529 1206 679 1237 munera;

264 1296 290 1328 Ο
316 1303 416 1335 genus
444 1294 592 1333 delirum,

314 1343 401 1375 Gens
427 1342 605 1382 incredula,

266 1441 393 1480 Corpus
420 1443 567 1471 sanctum
592 1438 636 1479 pii

308 1487 468 1520 Referunt
495 1487 607 1519 Poloni

265 1585 364 1618 Cuius
390 1583 504 1615 laudes
531 1582 656 1614 debitas

311 1632 406 1666 canit
431 1631 534 1663 omnis

359 1679 465 1712 fidelis
492 1679 638 1711 ecclesia.

262 1777 425 1809 Conserva
453 1779 524 1807 tuos
548 1775 588 1806 de

260 1828 316 1857 tua
344 1824 486 1863 Polonia‚

867 425 928 459 lb.

864 570 925 603 2b.

865 762 927 794 3b.

864 954 924 988 4b.

862 1147 924 1181 512.

865 1291 926 1324 6b.

865 1436 926 1468 7b.

864 1580 927 1614 8b.

861 1774 923 1807 9b.

215 1922 301 1949 Miss.
323 1920 499 1948 Gneznense
520 1920 590 1955 imp.
611 1919 785 1955 Moguntiae
809 1916 891 1945 1555.

164 2381 228 2414 22.

964 424 1141 463 Martyrem
1169 420 1382 454 Adalbertum

962 473 1058 512 digna
1083 471 1190 502 colens
1216 468 1380 502 memoria,

962 569 1025 601 Suo
1052 575 1181 599 munere

1006 615 1203 648 Gnesnensis
1222 617 1270 644 est
1284 610 1470 651 metropolis

1058 664 1189 695 Honore
1214 661 1374 702 praedita.

966 762 1064 800 Quem
1093 758 1271 798 acceptavit
1300 757 1441 788 exsulem

1011 807 1151 840 Boleslai
1178 806 1355 837 clementia.

961 953 1024 984 Hic
1051 952 1100 982 vir
1126 950 1345 982 sanctissimus

1007 1001 1128 1031 'serrae
1155 999 1272 1038 populo

1060 1047 1153 1079 Fidei
1179 1047 1332 1086 praemia.

961 1146 1072 1178 Prusci
1099 1151 1272 1184 properea

1008 1194 1116 1226 Ruunt
1142 1194 1174 1224 iu
1202 1192 1345 1223 crimina.

965 1291 1129 1322 Damnans
1156 1293 1257 1320 morte
1286 1289 1385 1319 virum

1009 1339 1084 1370 Sine
1111 1338 1251 1369 macula!

963 1435 1209 1474 Congaudentes
1236 1434 1283 1463 sui

1009 1483 1135 1514 Meritis
1163 1481 1301 1522 patroni.

963 1580 1032 1611 Tua
1059 1578 1151 1610 nobis
1177 1578 1344 1615 sanctitas,

1009 1627 1189 1659 Adalberte

1058 1679 1178 1716 sancte,
1206 1675 1246 1705 sit
1274 1674 1422 1714 propitia⁴

959 1773 1019 1812 Qui
1046 1771 1106 1803 tibi
1133 1771 1248 1802 devote.

958 1825 1076 1853 canunt
1104 1820 1254 1852 Alleluia.

580 2082 619 2114 16.
662 2082 704 2113 De
726 2082 836 2112 sancto
857 2080 1038 2112 Adalberto.

553 2185 582 2218 1.
623 2183 721 2216 Mane
746 2182 905 2223 pueritiae

622 2231 729 2263 Fulsit
756 2231 848 2263 donis
875 2229 1009 2271 gratiae,

672 2281 896 2313 Protectorum
919 2278 1036 2319 gloria,

263 2380 315 2413 Ad
321 2379 467 2412 albertus
492 2378 634 2419 inclitus,

259 2429 402 2470 Martyr‚
428 2427 560 2472 praesul
586 2425 755 2467 praeditus

311 2476 365 2510 Ex
390 2475 516 2517 magnis
542 2474 716 2508 natalibus.

867 2375 930 2409 2b.

965 2373 1079 2407 Infans
1105 2372 1142 2404 fit
1167 2372 1287 2404 oblatio

964 2423 1123 2462 Claroque
1150 2421 1297 2461 prodigio

1013 2470 1176 2504 Redditur
1202 2469 1390 2510 parentibus
