1655 2713
752 165 1011 200 -182—

248 266 307 298 Sa.
342 265 494 297 visitatur
519 274 537 296 a
564 264 671 303 regina
935 261 998 295 8b.
1028 261 1072 293 Et
1098 261 1231 293 custode
1258 264 1410 300 separato

342 313 464 352 Sponsa
491 311 608 344 Christi
636 310 813 342 Katherina
1028 310 1058 341 A
1082 318 1116 341 se
1142 308 1255 348 procul
1282 311 1478 348 praeoptato

390 360 500 392 Noctis
527 359 584 390 sub
612 358 748 397 silentio,
1074 357 1240 388 Fruuntur
1267 356 1439 397 colloquio.

245 436 304 467 9a.
337 432 423 464 Clam
435 430 679 470 ingressa‚clam
692 429 844 462 recedens
930 429 990 463 sb.
1022 429 1074 462 Ab
1099 438 1209 461 errore
1235 432 1429 461 revocantur

340 480 540 518 Militumque
550 478 700 519 princeps
711 478 845 510 credens
1026 477 1070 510 Et
1095 487 1113 509 a
1141 477 1269 510 Christo
1295 477 1479 515 visitantur,

387 526 452 558 Soli
477 526 604 558 Christo
630 526 785 565 militant3
1074 525 1170 557 Cuius
1207 535 1359 565 sponsam
1398 525 1547 560 visitant.

224 600 304 632 loa.
336 598 494 630 Eductam
523 598 562 629 de
589 606 716 629 carcere
907 598 951 630 10
962 597 992 631 b.
1025 597 1123 637 Virgo
1150 601 1213 629 stat
1241 597 1415 639 intrepida,

339 647 407 678 Rex
434 646 567 677 miratur
593 646 710 686 vivere,
1028 645 1085 677 Cui
1111 645 1259 677 columba
1287 645 1426 678 eandida

385 694 442 733 Qui
469 693 571 724 cibum
599 697 790 733 negaveram
1073 693 1200 724 Victum
1227 694 1484 726 ministraverat.

222 767 302 799 lla.
334 765 509 805 Capitalem
910 765 994 798 11b.
1026 765 1077 797 Ab
1103 765 1225 805 augelis

385 812 471 844 subit
495 813 694 852 sententiam,
1074 813 1106 844 in
1134 817 1239 844 monte
1265 813 1354 845 Sinai

336 860 530 900 virginalem
1026 860 1153 901 Fertur,
1181 862 1212 892 in
1239 871 1301 901 quo

384 909 433 939 lae
459 907 644 947 pudicitiam
1071 909 1171 948 legem
1197 909 1326 940 Adonai

432 955 610 995 Designans
638 955 807 988 emanavit.
1120 957 1226 996 Moysi
1252 957 1448 997 propalavit.

222 1028 263 1059 12
277 1036 304 1058 a.
336 1028 458 1066 Aegros
486 1026 590 1058 reddit
618 1027 774 1068 sospitati,
907 1026 992 1061 12b.
1026 1028 1150 1067 Sponsa
1177 1028 1306 1066 Christi,
1336 1038 1394 1060 nos
1423 1030 1541 1062 exaudi

341 1074 419 1106 Sunt
446 1074 587 1105 nonnulli
614 1074 741 1105 liberati
1025 1076 1223 1107 Assistentes
1249 1081 1324 1107 tuae
1351 1077 1450 1117 laudi,

387 1121 437 1152 Ab
465 1121 584 1152 inimici
610 1121 722 1161 laqueo
860 1158 865 1163 ι
1072 1123 1134 1154 Per
1164 1128 1195 1154 te
1218 1125 1271 1155 det
1291 1124 1382 1156 nobis
1401 1126 1540 1168 veniam,

387 1169 484 1200 Sacro
508 1170 653 1209 peruncti
679 1170 758 1211 oleo,
1071 1171 1130 1210 Qui
1147 1171 1269 1203 confert
1284 1172 1377 1204 iustis
1388 1174 1539 1216 gratiam,

434 1217 523 1255 Quod
537 1217 576 1248 de
586 1217 733 1256 sepulcro
743 1222 860 1251 manat.
1121 1219 1225 1251 Corde
1252 1221 1407 1252 contritos
1435 1226 1538 1257 sanat,

294 1287 377 1313 Miss.
412 1287 593 1313 Bituricense
629 1287 696 1324 imp.
728 1287 850 1314 Parisiis
885 1285 965 1314 1493.
997 1288 1031 1314 A.
1063 1302 1101 1306 —
1131 1289 1213 1317 Miss.
1245 1292 1431 1318 Bituricense
1466 1293 1536 1329 imp.

220 1325 341 1351 Parisiis
367 1323 445 1351 15:22.
470 1325 498 1351 Β.
517 1338 552 1342 -
577 1324 633 1357 la,
660 1324 677 1351 ὅ
693 1326 899 1360 Impetrantem
921 1327 955 1352 A.
978 1340 1013 1344 -
1035 1325 1098 1357 05³1,
1121 1326 1139 1354 4
1160 1328 1246 1356 Hanc
1267 1330 1398 1356 iunctam
1420 1331 1482 1359 AB.
1501 1346 1539 1350 —

219 1362 274 1391 5b.
297 1362 314 1389 4
336 1363 443 1397 decipit
465 1363 496 1388 A.
519 1378 555 1381 —
577 1361 631 1394 7b,
654 1361 671 1389 2
691 1371 805 1390 caesam
826 1364 947 1391 vulnere
969 1365 1003 1391 A.
1024 1379 1060 1382 —
1084 1363 1119 1392 10
1132 1366 1157 1398 b,
1179 1366 1198 1393 4
1219 1367 1322 1395 Cibum
1346 1368 1380 1395 A.

625 1504 694 1535 200.
737 1505 779 1535 De
802 1507 914 1536 sancta
934 1505 1124 1537 Katharina.

244 1593 302 1624 la.
336 1591 427 1628 Veni.
456 1592 544 1624 Costi
570 1592 645 1639 filia.
930 1596 990 1629 1b.
1024 1597 1113 1636 Veni,
1141 1597 1231 1638 virgo
1257 1599 1356 1640 regia.

339 1639 485 1671 Candens
511 1641 594 1672 inter
620 1642 696 1679 lilia,
1024 1645 1161 1684 Nobilis,
1189 1647 1327 1686 egregia,

384 1687 542 1726 Splendor
567 1689 795 1721 Alexandriae.
1072 1694 1179 1735 Casta,
1208 1703 1345 1735 regnans
1372 1695 1492 1731 sobrie.

244 1759 304 1791 2a.
335 1758 537 1798 Disputatrix
563 1761 693 1801 optima,
924 1763 987 1796 2b.
1021 1765 1203 1797 Tendentes
1229 1767 1271 1798 ad
1300 1767 1404 1808 devia,

338 1805 432 1845 Legis
459 1808 602 1845 pandens
627 1809 748 1847 intima,
1023 1813 1179 1845 Veritatis
1205 1815 1238 1846 in
1264 1815 1315 1848 via

386 1853 551 1894 Doctores,
578 1865 655 1894 quos
681 1857 785 1897 arguit
1074 1862 1174 1893 Datos
1199 1862 1265 1902 igni
1291 1863 1409 1903 posuit.

245 1925 304 1955 3a.
335 1924 522 1957 Tortoribus
548 1927 709 1970 traditam,
930 1931 991 1965 3b.
1025 1932 1232 1973 Adduxitque
1259 1935 1420 1975 reginam3

341 1971 528 2004 Carceribus
554 1974 696 2006 abditam
1028 1980 1203 2012 Credentes
1230 1982 1442 2016 Katherinam

388 2020 583 2062 Porphyrius
610 2023 717 2054 visitat
1076 2028 1152 2060 Mox
1183 2033 1338 2068 tyrannus
1368 2031 1505 2074 flagitat.

242 2089 303 2122 4a.
334 2090 543 2123 Decollantur
568 2094 640 2124 ideo
933 2097 992 2131 4b.
1025 2099 1274 2134 commendatur
1299 2103 1420 2145 gladio,

340 2137 492 2178 Spiritum
521 2140 632 2172 dantes
659 2142 737 2179 Deo,
1027 2146 1090 2178 Sed
1117 2149 1205 2188 prius
1231 2151 1334 2182 oratio

387 2186 469 2218 Rota
494 2186 528 2218 fit
555 2193 587 2219 et
613 2187 780 2230 frangitur.
1077 2197 1138 2228 Pro
1162 2197 1227 2229 suis
1253 2197 1404 2233 efficitur.

246 2259 306 2290 5a.
339 2258 405 2290 Lac
426 2257 569 2313 'fundens
595 2264 627 2291 et
649 2261 751 2294 oleum
932 2266 994 2299 5b.
1028 2267 1127 2308 Virgo
1152 2269 1266 2301 videns
1293 2274 1474 2318 terminum,

338 2307 373 2338 In
401 2306 488 2339 S1na1
513 2316 571 2348 per
596 2308 697 2340 Deum
1028 2316 1159 2355 Semper
1185 2326 1243 2349 ora
1268 2318 1440 2355 Dominum

387 2354 505 2387 Fertur
531 2355 579 2388 his
605 2358 804 2393 mirantibus,
1077 2364 1138 2396 Pro
1164 2369 1195 2395 te
1221 2371 1484 2407 memorantibus,

222 2459 256 2488 15
296 2423 378 2451 Miss.
394 2426 578 2455 Tornacense
600 2429 668 2464 imp.
683 2429 808 2458 Parisiis
829 2430 910 2460 1498.
924 2433 957 2460 A.
973 2449 1011 2453 —
1025 2434 1106 2462 Miss.
1122 2436 1309 2466 Tornacense
1330 2441 1398 2478 imp.
1414 2443 1545 2474 Parisiis

258 2459 303 2489 09.
329 2463 360 2489 Β.
383 2478 418 2482 -
439 2463 495 2499 4a,
520 2465 531 2492 1
555 2467 727 2495 Decollatur
747 2469 807 2497 AB.
823 2485 860 2489 —
880 2471 1024 2500 Melodie:
1046 2473 1142 2501 Veni
1164 2480 1301 2505 sancte
1323 2481 1503 2516 spiritus.
