1655 2713
673 154 906 189 -63-

572 275 620 306 60.
662 275 706 306 Do
727 275 839 306 sancto
858 272 1014 314 Auspicio.

140 365 164 398 :1
181 373 211 398 a.
241 365 279 396 In
298 372 385 396 ‘voce
410 365 557 406 angelica
846 364 863 396 1
881 363 911 396 b.
944 363 1142 394 Veneremur
1166 362 1349 404 Dominum,

292 412 415 444 psallat
441 412 534 452 plebs
559 412 726 453 Aptensis‚
990 411 1079 444 Caeli
1107 411 1344 450 plasmatorem,

242 460 325 500 Quia
350 460 383 491 in
409 460 535 492 laetitia
708 489 727 495 ,
941 459 999 498 Qui
1027 469 1086 500 per
1111 469 1199 490 suam
1227 460 1361 499 gratiam

290 508 410 548 Fulget
436 508 506 540 dies
532 508 594 540 ista
990 509 1098 547 Aptae
1126 508 1215 538 dedit
1243 508 1339 538 talem

342 556 404 588 Pro
430 556 578 596 Auspicii
604 556 717 597 gloria.
1036 556 1224 596 Auspicium
1261 556 1455 596 praesulem.

138 655 168 687 ‚2
184 663 215 686 a.
248 653 307 686 Cui
334 653 482 686 Clemens
509 651 656 693 pontifex
844 653 863 684 2
879 651 910 686 b.
941 652 1000 691 Qui
1027 651 1221 691 praedicans
1248 650 1378 683 fortiter

292 701 460 734 Commisit
488 701 630 742 regimen
989 700 1129 731 Verbum
1158 700 1300 731 salutare

245 750 370 782 Civium
397 750 601 790 Aptensium,
937 748 979 780 Et
1006 747 1242 779 incessabiliter

293 800 363 838 Quo
389 803 558 830 convertat
581 807 695 837 agmen
994 797 1095 828 Deum
1124 796 1259 827 laudans
1288 805 1362 827 vere

341 847 394 879 Ad
421 847 482 878 Dei
509 847 679 886 magnalia.
1039 845 1101 876 Per
1128 844 1216 875 clara
1243 844 1403 884 prodigia.

137 945 168 978 *3
182 953 212 976 a.
245 944 309 976 Pro
336 943 397 975 hoc
424 946 520 982 caput
547 941 708 982 frangitur
847 941 912 975 3b.
946 942 1101 973 Laetetur
1128 940 1206 971 haec
1233 940 1348 971 civitas

293 992 337 1024 Et
363 1001 420 1031 pes
447 996 642 1030 amputatur,
991 989 1040 1020 De
1066 993 1131 1019 tam
1158 989 1272 1027 grandi
1302 989 1394 1029 dono,

246 1040 374 1080 Corpus
399 1048 490 1071 suum
518 1039 676 1078 reliquum
944 1038 1003 1070 Cui
1032 1038 1128 1068 datur
1151 1038 1271 1068 sanitas

295 1088 349 1120 Sic
375 1087 549 1119 vilificatur
993 1085 1059 1118 Sub
1087 1090 1176 1116 tauto
1204 1091 1342 1124 patrono

343 1136 508 1168 Tertullae
534 1135 697 1168 immunia.
1042 1134 1169 1166 Pelleus
1196 1133 1358 1164 idolatria.

144 1236 214 1267 4a.
247 1234 354 1273 Ipsius
380 1232 533 1272 suffragio
848 1232 869 1263 4
885 1230 916 1263 b.
948 1230 1048 1270 Ergo,
1076 1234 1169 1269 pater
1194 1229 1315 1267 inclite,

296 1281 482 1314 Mereamur
508 1280 596 1320 iungi
996 1279 1051 1309 Vir
1079 1278 1212 1317 Auspici
1240 1279 1303 1317 pie,

249 1330 338 1362 Caeli
365 1339 435 1361 cum
461 1328 642 1368 agminibus
946 1327 1035 1358 Plebi
1064 1327 1123 1357 tibi
1151 1327 1300 1357 subditae

293 1378 338 1410 Et
363 1378 411 1409 sic
437 1377 583 1409 comitari
994 1375 1152 1415 Superum
1179 1375 1211 1405 in
1239 1374 1318 1405 aede

345 1427 428 1459 Prae
463 1430 613 1465 suscepta
647 1424 763 1465 gratia.
1042 1424 1127 1455 Vera
1155 1433 1233 1462 para
1266 1423 1392 1462 gaudia.

202 1523 291 1549 Brev.
324 1521 455 1557 Aptense
484 1521 553 1556 imp.
582 1519 722 1554 Lugduni
754 1517 835 1546 1532.
877 1518 924 1550 (In
949 1519 1000 1545 der
1027 1516 1051 1544 2.
1076 1519 1176 1553 Vesp.)
1200 1532 1238 1536 -
1260 1512 1460 1544 Uber-schrift:

115 1559 290 1597 .„Pr0sa.“
313 1574 347 1578 —
373 1558 430 1592 2a,
451 1559 470 1586 4
492 1568 599 1594 agmen
620 1558 703 1585 illud.
726 1573 761 1577 —
783 1557 800 1585 3
814 1558 840 1590 b,
865 1556 877 1584 1
904 1559 1044 1584 Laetetur
1066 1557 1206 1592 Apte-usis
1228 1558 1346 1583 civitas.

581 1700 623 1732 61.
665 1701 707 1731 De
729 1701 840 1731 sancta
861 1699 1015 1731 Barbara.

147 1795 169 1828 ,1
187 1803 216 1827 a.
250 1793 343 1831 Veni,
371 1793 462 1833 virgo
489 1792 647 1831 Barbara,
853 1791 918 1824 1b.
952 1790 1041 1831 Veni,
1067 1794 1190 1829 martyr
1217 1789 1373 1824 Barbara,

250 1843 314 1876 Pro
341 1842 444 1874 salute
471 1841 610 1873 omnium
949 1839 1127 1872 Mediatrix
1155 1839 1329 1875 hominum,

251 1891 317 1924 Ora
343 1890 405 1922 Dei
432 1889 543 1922 filium.
952 1888 1016 1919 Fer
1042 1887 1135 1919 nobis
1162 1888 1326 1918 auxilium.

143 1991 173 2022 ,2
189 1998 219 2022 a.
250 1987 456 2020 consolatrix
483 1987 616 2027 optima,
849 1986 868 2018 2
884 1984 915 2018 b.
947 1985 984 2016 In
1013 1984 1124 2016 labore
1151 1984 1287 2023 requies,

250 2036 364 2069 Dulcis
391 2034 504 2068 confer
529 2036 655 2067 animae
948 2034 1042 2064 Vires
1069 2036 1103 2063 ut
1130 2033 1281 2064 restituas

250 2085 361 2118 Mellis
387 2083 602 2126 refrigerium.
949 2083 1017 2114 Iam
1046 2080 1274 2112 deficientium.

140 2183 172 2216 >3
188 2191 219 2216 a.
249 2182 276 2215 O
303 2182 357 2214 lux
384 2181 582 2220 beatissima,
856 2180 875 2212 3
891 2179 921 2212 b.
954 2178 1030 2210 Sine
1056 2182 1110 2209 tuo
1136 2177 1310 2218 iuvamine,

252 2230 313 2270 Da,
341 2234 377 2262 ut
403 2230 483 2262 hacc
508 2229 679 2270 plebecula
951 2226 1115 2266 Quidquid
1143 2230 1191 2256 est
1217 2226 1248 2256 in
1277 2225 1414 2264 homine,

253 2279 378 2311 Bonum
404 2282 511 2310 sumat
537 2278 670 2310 exitum.
950 2275 1022 2307 Non
1051 2273 1194 2314 placebit
1220 2273 1368 2304 Domino.

147 2377 216 2411 4a.
247 2375 359 2418 Lava,
394 2375 481 2416 quod
515 2378 565 2406 est
590 2372 769 2411 sordidum,
857 2371 920 2406 4b.
953 2371 1082 2408 Flecte,
1121 2369 1206 2409 quod
1234 2372 1282 2399 est
1308 2369 1464 2400 tumidum

244 2423 343 2464 Dele,
371 2425 456 2464 quod
483 2428 533 2455 est
559 2422 699 2460 noxium,
952 2418 1097 2451 Habilita
1125 2417 1298 2457 trepidum,

250 2473 310 2507 Pia
337 2472 428 2513 virgo
454 2471 611 2505 Barbara.
952 2467 1051 2507 Rege,
1078 2466 1164 2506 quod
1190 2470 1239 2497 est
1265 2465 1403 2500 devium,
