1655 2713
223 249 242 280 2
257 257 284 279 a.
318 248 378 279 Hic
393 249 433 280 ad
448 249 561 281 Afram
578 250 651 281 dum
665 249 816 291 intrabat,
901 249 921 281 2
939 248 968 280 b.
1001 247 1064 280 Sed
1099 248 1150 280 vir
1174 248 1236 280 Dei
1270 248 1353 280 hanc
1382 247 1514 280 reduxit

317 297 514 336 Impudicum
543 298 624 328 hunc
651 296 783 337 putabat
1000 295 1081 328 Cum
1107 296 1224 335 puellis
1251 299 1283 328 et
1308 295 1463 328 instruxit

362 345 476 377 Colens
501 345 591 376 deam
618 345 792 383 venerem
1047 344 1132 375 Vera
1158 342 1223 375 fide
1248 343 1398 377 celerem.

219 430 281 462 3³.
314 430 409 462 Satan
438 430 553 461 cedens
579 429 774 471 clamitabat,
902 431 922 463 3
938 428 969 462 b.
999 428 1084 462 Afra
1111 430 1213 462 crevit
1238 439 1308 461 cum
1336 431 1481 470 cognatis

311 478 398 508 Totis
424 478 500 517 pelli
527 477 667 508 eiulabat
996 478 1163 510 Illustrata
1190 478 1336 510 veritatis

357 525 427 556 Suis
454 534 521 555 cum
548 524 728 562 sodalibus;
1045 526 1131 557 Luce
1157 530 1246 558 stans
1272 526 1436 560 vitalibus.

215 613 233 642 4
250 619 277 641 a.
310 611 447 649 Propter
482 610 642 642 Christum
682 620 809 643 concre-
895 611 962 645 4b.
994 613 1030 644 In
1057 613 1207 652 amplexu
1235 613 1303 644 veri
1328 613 1402 653 Dei,

554 663 639 690 mata
991 660 1058 692 Nos
1084 661 1227 699 attende,
1252 671 1325 693 nam
1351 665 1382 693 et
1409 662 1456 695 rei

304 705 388 736 Hinc
413 710 443 736 et
470 706 577 745 palma
601 710 763 746 coronata,
1040 709 1086 741 Te
1114 718 1262 741 vocamus
1288 710 1416 750 iugiter.

352 753 502 784 Gaudens
523 764 605 785 nunc
627 755 813 794 perenniter

213 840 230 869 5
247 846 273 869 a,
307 837 399 869 Nunc
425 847 483 877 pro
510 838 600 869 nobis
622 839 807 879 deprecare,
894 843 912 873 5
928 840 959 873 b.
992 841 1054 873 Sed
1082 846 1156 881 post
1181 843 1274 874 huius
1301 843 1396 875 finem
1419 845 1504 876 vitae

303 885 351 915 Ne
376 895 433 916 nos
459 891 581 925 mergat
605 886 703 918 fallax
722 897 809 919 mare
990 889 1087 921 Dicat
1113 890 1204 921 nobis
1232 900 1289 922 rex
1319 892 1430 924 Venite

352 933 479 971 Hostis,
505 935 625 976 mundi,
654 937 809 974 corporis,
1042 938 1124 969 Pace
1151 937 1215 970 frui
1241 939 1392 973 aetheris.

261 1019 342 1045 Miss.
365 1027 417 1044 ms.
438 1018 640 1053 Augustanum
662 1028 737 1047 saec.
762 1019 805 1047 14.
827 1021 895 1048 Cod.
922 1022 998 1049 Mus.
1020 1023 1116 1050 Germ.
1142 1022 1251 1052 22929.

635 1160 681 1190 22.
722 1161 763 1191 De
785 1164 893 1192 sancta
915 1163 1049 1202 Agatha.

692 1251 720 1282 1.
748 1250 856 1281 Omnis
884 1251 998 1283 chorus

208 1334 227 1363 2
243 1341 271 1363 a.
302 1332 467 1364 Ecclesiae
894 1339 913 1369 2
930 1337 959 1370 b.
990 1340 1096 1378 Atque
1119 1340 1186 1371 eius

300 1380 467 1418 praeclara
493 1379 575 1412 festa
988 1386 1100 1417 laudes
1126 1388 1255 1420 modulo

301 1427 441 1458 celebret
467 1429 611 1468 Agathae
988 1433 1153 1466 dulcisono
1178 1437 1367 1477 proclamet,

207 1513 225 1544 3
242 1521 270 1544 a.
302 1512 389 1550 Quae
414 1513 572 1544 sustinens
890 1518 909 1549 3
926 1517 956 1549 b.
990 1517 1134 1558 Namque
1161 1526 1294 1561 propter

299 1560 407 1590 mundi
434 1564 591 1593 tormenta
984 1567 1158 1606 opprobria
1185 1578 1269 1601 nunc

299 1608 479 1646 penetravit
985 1614 1016 1645 in
1045 1616 1173 1647 caelesti

299 1655 377 1686 caeli
404 1655 520 1688 sidera.
982 1662 1129 1701 splendet
1156 1666 1273 1704 patria.

208 1742 270 1772 4a.
300 1741 351 1771 Ad
391 1741 485 1780 huius.
517 1741 631 1773 festum
657 1744 804 1782 Agathae
889 1748 909 1779 4
925 1746 956 1779 b.
986 1747 1073 1788 Ergo
1099 1758 1208 1782 omnes
1235 1761 1312 1783 voce
1337 1754 1404 1786 alta

299 1792 478 1819 sanctorum
505 1790 620 1821 chorus
646 1791 760 1823 iubilat
982 1805 1039 1827 nos
1066 1806 1272 1836 personemus
1298 1802 1418 1834 aeriter

298 1835 392 1866 hodie
416 1845 529 1876 magno
982 1844 1140 1876 canticum
1167 1851 1263 1887 atque

297 1884 419 1914 tonanti
446 1884 591 1927 Domino,
980 1891 1107 1924 insimul
1133 1903 1251 1934 organa

297 1931 350 1970 qui
367 1940 423 1962 rex
442 1936 489 1963 est
507 1937 656 1964 aeternae
670 1934 800 1974 gloriae.
980 1940 1119 1972 melodia
1145 1942 1340 1979 dulcissima.

204 2019 221 2049 5
238 2027 266 2051 a,
302 2017 370 2049 Deo
397 2018 502 2050 dicata
529 2019 654 2059 Agatha
887 2026 904 2056 5
922 2024 952 2058 b.
986 2027 1172 2068 Praeceptis
1199 2030 1259 2063 Dei
1285 2033 1427 2074 subdita,

295 2075 357 2096 non
384 2065 442 2096 fuit
470 2067 570 2098 solum
598 2068 744 2110 ingenua,
980 2081 1166 2108 ornamenta
1212 2080 1343 2121 reliquit
1389 2083 1490 2125 insig-

293 2113 349 2144 sed
376 2122 414 2144 ex
441 2114 610 2153 spectabili
979 2122 1041 2162 nia,
1066 2133 1104 2155 ac
1129 2126 1222 2165 petiit

295 2162 454 2201 prosapia.
983 2171 1144 2205 caelestia.

201 2248 263 2280 6a.
296 2247 375 2279 Nam
403 2248 522 2281 Christi
549 2257 683 2289 sequens
883 2254 947 2286 6b.
981 2255 1043 2287 Per
1068 2258 1135 2289 eius
1161 2261 1246 2292 unde

291 2296 426 2337 vestigia
977 2303 1130 2344 obsequia

290 2344 404 2375 obtulit
429 2344 476 2376 illi
504 2353 537 2376 se
562 2345 677 2385 hostia,
979 2351 1123 2384 claruere
1150 2355 1304 2390 miracula

290 2392 376 2423 cuius
978 2404 1134 2439 occupato
1158 2404 1329 2443 Quintiano

290 2440 449 2480 persensit
473 2441 597 2474 merita.
975 2452 1078 2480 morte
1104 2452 1296 2490 turpissima.
