<?xml version="1.0" encoding="UTF-8"?>
<!DOCTYPE html PUBLIC "-//W3C//DTD XHTML 1.0 Transitional//EN"
    "http://www.w3.org/TR/xhtml1/DTD/xhtml1-transitional.dtd">
<html xmlns="http://www.w3.org/1999/xhtml" xml:lang="en" lang="en">
 <head>
  <title>
</title>
<meta http-equiv="Content-Type" content="text/html;charset=utf-8" />
  <meta name='ocr-system' content='tesseract 3.04.00' />
  <meta name='ocr-capabilities' content='ocr_page ocr_carea ocr_par ocr_line ocrx_word'/>
</head>
<body>
  <div class='ocr_page' id='page_1' title='image "./analectahymnica44drevuoft_0069.png"; bbox 0 0 1655 2713; ppageno 0'>
   <div class='ocr_carea' id='block_1_1' title="bbox 735 147 968 182">
    <p class='ocr_par' dir='ltr' id='par_1_1' title="bbox 735 147 968 182">
     <span class='ocr_line' id='line_1_1' title="bbox 735 147 968 182; baseline -0.004 -8"><span class='ocrx_word' id='word_1_1' title='bbox 735 147 968 182; x_wconf 77' lang='lat'><strong>—66-</strong></span> 
     </span>
    </p>
   </div>
   <div class='ocr_carea' id='block_1_2' title="bbox 220 243 790 373">
    <p class='ocr_par' dir='ltr' id='par_1_2' title="bbox 220 243 790 373">
     <span class='ocr_line' id='line_1_2' title="bbox 220 243 740 285; baseline -0.004 -7"><span class='ocrx_word' id='word_1_2' title='bbox 220 247 283 278; x_wconf 85' lang='lat' dir='ltr'>4a.</span> <span class='ocrx_word' id='word_1_3' title='bbox 317 243 401 278; x_wconf 87' lang='lat' dir='ltr'>Deos</span> <span class='ocrx_word' id='word_1_4' title='bbox 428 255 525 277; x_wconf 84' lang='lat' dir='ltr'>vanos</span> <span class='ocrx_word' id='word_1_5' title='bbox 552 245 740 285; x_wconf 85' lang='lat' dir='ltr'>detestatur,</span> 
     </span>
     <span class='ocr_line' id='line_1_3' title="bbox 311 293 790 335; baseline 0 -11"><span class='ocrx_word' id='word_1_6' title='bbox 311 293 393 325; x_wconf 88' lang='lat' dir='ltr'>Dum</span> <span class='ocrx_word' id='word_1_7' title='bbox 420 298 572 335; x_wconf 84' lang='lat' dir='ltr'>tyrannus</span> <span class='ocrx_word' id='word_1_8' title='bbox 599 294 790 333; x_wconf 87' lang='lat' dir='ltr'>deprecatur</span> 
     </span>
     <span class='ocr_line' id='line_1_4' title="bbox 361 340 734 373; baseline 0 -1"><span class='ocrx_word' id='word_1_9' title='bbox 361 341 491 373; x_wconf 87' lang='lat' dir='ltr'>Sacrum</span> <span class='ocrx_word' id='word_1_10' title='bbox 518 340 602 372; x_wconf 88' lang='lat' dir='ltr'>ferre</span> <span class='ocrx_word' id='word_1_11' title='bbox 627 342 734 373; x_wconf 85' lang='lat' dir='ltr'>idolis.</span> 
     </span>
    </p>
   </div>
   <div class='ocr_carea' id='block_1_3' title="bbox 218 419 769 558">
    <p class='ocr_par' dir='ltr' id='par_1_3' title="bbox 218 419 769 558">
     <span class='ocr_line' id='line_1_5' title="bbox 218 419 709 459; baseline -0.006 -4"><span class='ocrx_word' id='word_1_12' title='bbox 218 425 236 455; x_wconf 88' lang='lat'>5</span> <span class='ocrx_word' id='word_1_13' title='bbox 252 433 279 455; x_wconf 81' lang='lat' dir='ltr'>a.</span> <span class='ocrx_word' id='word_1_14' title='bbox 312 419 469 459; x_wconf 25' lang='lat' dir='ltr'>Erogavit.</span> <span class='ocrx_word' id='word_1_15' title='bbox 494 431 598 455; x_wconf 86' lang='lat' dir='ltr'>rorem</span> <span class='ocrx_word' id='word_1_16' title='bbox 625 423 709 453; x_wconf 77' lang='lat' dir='ltr'>vitae</span> 
     </span>
     <span class='ocr_line' id='line_1_6' title="bbox 311 470 762 509; baseline 0 -8"><span class='ocrx_word' id='word_1_17' title='bbox 311 471 358 501; x_wconf 87' lang='lat' dir='ltr'>De</span> <span class='ocrx_word' id='word_1_18' title='bbox 384 470 529 509; x_wconf 87' lang='lat' dir='ltr'>supernis</span> <span class='ocrx_word' id='word_1_19' title='bbox 557 470 664 501; x_wconf 86' lang='lat' dir='ltr'>datum</span> <span class='ocrx_word' id='word_1_20' title='bbox 691 471 762 504; x_wconf 86' lang='lat' dir='ltr'>rite.</span> 
     </span>
     <span class='ocr_line' id='line_1_7' title="bbox 361 518 769 558; baseline 0.002 -10"><span class='ocrx_word' id='word_1_21' title='bbox 361 518 599 548; x_wconf 85' lang='lat' dir='ltr'>Humectantem</span> <span class='ocrx_word' id='word_1_22' title='bbox 627 518 769 558; x_wconf 84' lang='lat' dir='ltr'>largiter.</span> 
     </span>
    </p>
   </div>
   <div class='ocr_carea' id='block_1_4' title="bbox 216 595 767 728">
    <p class='ocr_par' dir='ltr' id='par_1_4' title="bbox 216 595 767 728">
     <span class='ocr_line' id='line_1_8' title="bbox 216 595 767 637; baseline -0.002 -6"><span class='ocrx_word' id='word_1_23' title='bbox 216 600 235 631; x_wconf 88' lang='lat'>6</span> <span class='ocrx_word' id='word_1_24' title='bbox 251 608 278 631; x_wconf 86' lang='lat' dir='ltr'>a.</span> <span class='ocrx_word' id='word_1_25' title='bbox 312 595 394 630; x_wconf 86' lang='lat' dir='ltr'>Fide</span> <span class='ocrx_word' id='word_1_26' title='bbox 420 602 588 637; x_wconf 85' lang='lat' dir='ltr'>praestans</span> <span class='ocrx_word' id='word_1_27' title='bbox 614 599 767 630; x_wconf 86' lang='lat' dir='ltr'>deitatem</span> 
     </span>
     <span class='ocr_line' id='line_1_9' title="bbox 311 646 684 677; baseline 0.005 -2"><span class='ocrx_word' id='word_1_28' title='bbox 311 646 483 677; x_wconf 83' lang='lat' dir='ltr'>Indivisam</span> <span class='ocrx_word' id='word_1_29' title='bbox 510 646 684 677; x_wconf 77' lang='lat' dir='ltr'>trinitatem</span> 
     </span>
     <span class='ocr_line' id='line_1_10' title="bbox 359 694 759 728; baseline 0.005 -3"><span class='ocrx_word' id='word_1_30' title='bbox 359 694 462 726; x_wconf 85' lang='lat' dir='ltr'>Castis</span> <span class='ocrx_word' id='word_1_31' title='bbox 488 694 565 725; x_wconf 85' lang='lat' dir='ltr'>colit</span> <span class='ocrx_word' id='word_1_32' title='bbox 590 694 759 728; x_wconf 81' lang='lat' dir='ltr'>mentibus,</span> 
     </span>
    </p>
   </div>
   <div class='ocr_carea' id='block_1_5' title="bbox 217 771 815 812">
    <p class='ocr_par' dir='ltr' id='par_1_5' title="bbox 217 771 815 812">
     <span class='ocr_line' id='line_1_11' title="bbox 217 771 815 812; baseline -0.002 -5"><span class='ocrx_word' id='word_1_33' title='bbox 217 776 233 807; x_wconf 88' lang='lat'><strong>7</strong></span> <span class='ocrx_word' id='word_1_34' title='bbox 250 784 278 807; x_wconf 88' lang='lat' dir='ltr'>a.</span> <span class='ocrx_word' id='word_1_35' title='bbox 311 771 466 808; x_wconf 73' lang='lat' dir='ltr'>Geminae</span> <span class='ocrx_word' id='word_1_36' title='bbox 492 774 583 806; x_wconf 88' lang='lat' dir='ltr'>iubar</span> <span class='ocrx_word' id='word_1_37' title='bbox 609 775 679 806; x_wconf 88' lang='lat' dir='ltr'>luce</span> <span class='ocrx_word' id='word_1_38' title='bbox 697 775 815 812; x_wconf 81' lang='lat' dir='ltr'>reddit,</span> 
     </span>
    </p>
   </div>
   <div class='ocr_carea' id='block_1_6' title="bbox 310 822 837 864">
    <p class='ocr_par' dir='ltr' id='par_1_6' title="bbox 310 822 837 864">
     <span class='ocr_line' id='line_1_12' title="bbox 310 822 837 864; baseline 0.004 -12"><span class='ocrx_word' id='word_1_39' title='bbox 310 822 390 853; x_wconf 89' lang='lat' dir='ltr'>Dum</span> <span class='ocrx_word' id='word_1_40' title='bbox 403 827 592 853; x_wconf 85' lang='lat' dir='ltr'>tormentum</span> <span class='ocrx_word' id='word_1_41' title='bbox 605 832 720 864; x_wconf 82' lang='lat' dir='ltr'>corpus</span> <span class='ocrx_word' id='word_1_42' title='bbox 731 824 837 855; x_wconf 85' lang='lat' dir='ltr'>caedit</span> 
     </span>
    </p>
   </div>
   <div class='ocr_carea' id='block_1_7' title="bbox 353 869 815 912">
    <p class='ocr_par' dir='ltr' id='par_1_7' title="bbox 353 869 815 912">
     <span class='ocr_line' id='line_1_13' title="bbox 353 869 815 912; baseline 0.004 -12"><span class='ocrx_word' id='word_1_43' title='bbox 353 871 405 901; x_wconf 86' lang='lat' dir='ltr'>Ad</span> <span class='ocrx_word' id='word_1_44' title='bbox 445 869 594 901; x_wconf 86' lang='lat' dir='ltr'>effluxum</span> <span class='ocrx_word' id='word_1_45' title='bbox 633 871 815 912; x_wconf 73' lang='lat' dir='ltr'>sanguinis,</span> 
     </span>
    </p>
   </div>
   <div class='ocr_carea' id='block_1_8' title="bbox 212 947 759 1084">
    <p class='ocr_par' dir='ltr' id='par_1_8' title="bbox 212 947 759 1084">
     <span class='ocr_line' id='line_1_14' title="bbox 212 947 723 992; baseline 0 -10"><span class='ocrx_word' id='word_1_46' title='bbox 212 951 230 982; x_wconf 79' lang='lat'>8</span> <span class='ocrx_word' id='word_1_47' title='bbox 247 960 275 982; x_wconf 84' lang='lat' dir='ltr'>a.</span> <span class='ocrx_word' id='word_1_48' title='bbox 310 947 374 982; x_wconf 85' lang='lat' dir='ltr'>Hos</span> <span class='ocrx_word' id='word_1_49' title='bbox 401 955 489 981; x_wconf 82' lang='lat' dir='ltr'>tuere</span> <span class='ocrx_word' id='word_1_50' title='bbox 516 954 545 981; x_wconf 86' lang='lat' dir='ltr'>et</span> <span class='ocrx_word' id='word_1_51' title='bbox 574 950 723 992; x_wconf 83' lang='lat' dir='ltr'><strong>defende,</strong></span> 
     </span>
     <span class='ocr_line' id='line_1_15' title="bbox 307 998 744 1038; baseline 0.002 -9"><span class='ocrx_word' id='word_1_52' title='bbox 307 998 406 1029; x_wconf 75' lang='lat' dir='ltr'>Tuam</span> <span class='ocrx_word' id='word_1_53' title='bbox 433 998 567 1038; x_wconf 78' lang='lat' dir='ltr'>gratiam</span> <span class='ocrx_word' id='word_1_54' title='bbox 594 999 744 1038; x_wconf 86' lang='lat' dir='ltr'>impende</span> 
     </span>
     <span class='ocr_line' id='line_1_16' title="bbox 354 1046 759 1084; baseline 0.005 -8"><span class='ocrx_word' id='word_1_55' title='bbox 354 1046 436 1076; x_wconf 87' lang='lat' dir='ltr'>Meis</span> <span class='ocrx_word' id='word_1_56' title='bbox 462 1047 560 1084; x_wconf 84' lang='lat' dir='ltr'>gratis</span> <span class='ocrx_word' id='word_1_57' title='bbox 587 1046 759 1079; x_wconf 84' lang='lat' dir='ltr'>vernulis.“</span> 
     </span>
    </p>
   </div>
   <div class='ocr_carea' id='block_1_9' title="bbox 907 241 1444 375">
    <p class='ocr_par' dir='ltr' id='par_1_9' title="bbox 907 241 1444 375">
     <span class='ocr_line' id='line_1_17' title="bbox 907 241 1444 278; baseline 0.004 -2"><span class='ocrx_word' id='word_1_58' title='bbox 907 247 927 276; x_wconf 89' lang='lat'>4</span> <span class='ocrx_word' id='word_1_59' title='bbox 943 244 973 276; x_wconf 92' lang='lat' dir='ltr'>b.</span> <span class='ocrx_word' id='word_1_60' title='bbox 1006 241 1109 277; x_wconf 86' lang='lat' dir='ltr'><strong>Docet</strong></span> <span class='ocrx_word' id='word_1_61' title='bbox 1133 244 1262 277; x_wconf 90' lang='lat' dir='ltr'>laudem</span> <span class='ocrx_word' id='word_1_62' title='bbox 1287 246 1444 278; x_wconf 83' lang='lat' dir='ltr'>creatoris</span> 
     </span>
     <span class='ocr_line' id='line_1_18' title="bbox 1001 292 1321 325; baseline 0 0"><span class='ocrx_word' id='word_1_63' title='bbox 1001 292 1156 325; x_wconf 79' lang='lat' dir='ltr'>Claritate</span> <span class='ocrx_word' id='word_1_64' title='bbox 1181 294 1231 324; x_wconf 89' lang='lat' dir='ltr'>sui</span> <span class='ocrx_word' id='word_1_65' title='bbox 1256 294 1321 325; x_wconf 87' lang='lat' dir='ltr'>oris</span> 
     </span>
     <span class='ocr_line' id='line_1_19' title="bbox 1048 340 1416 375; baseline 0.008 -4"><span class='ocrx_word' id='word_1_66' title='bbox 1048 340 1152 372; x_wconf 90' lang='lat' dir='ltr'>Huius</span> <span class='ocrx_word' id='word_1_67' title='bbox 1177 341 1265 373; x_wconf 90' lang='lat' dir='ltr'>orbis</span> <span class='ocrx_word' id='word_1_68' title='bbox 1289 342 1416 375; x_wconf 86' lang='lat' dir='ltr'>incolis.</span> 
     </span>
    </p>
   </div>
   <div class='ocr_carea' id='block_1_10' title="bbox 902 419 1513 553">
    <p class='ocr_par' dir='ltr' id='par_1_10' title="bbox 902 419 1513 553">
     <span class='ocr_line' id='line_1_20' title="bbox 902 419 1343 463; baseline 0 -8"><span class='ocrx_word' id='word_1_69' title='bbox 902 425 920 455; x_wconf 90' lang='lat'>5</span> <span class='ocrx_word' id='word_1_70' title='bbox 939 421 970 455; x_wconf 92' lang='lat' dir='ltr'>b.</span> <span class='ocrx_word' id='word_1_71' title='bbox 1005 419 1156 456; x_wconf 85' lang='lat' dir='ltr'>Evolavit</span> <span class='ocrx_word' id='word_1_72' title='bbox 1180 423 1235 463; x_wconf 87' lang='lat' dir='ltr'>pia</span> <span class='ocrx_word' id='word_1_73' title='bbox 1259 424 1343 463; x_wconf 85' lang='lat' dir='ltr'>avis,</span> 
     </span>
     <span class='ocr_line' id='line_1_21' title="bbox 999 470 1409 504; baseline 0.002 -2"><span class='ocrx_word' id='word_1_74' title='bbox 999 470 1094 502; x_wconf 88' lang='lat' dir='ltr'>Cuius</span> <span class='ocrx_word' id='word_1_75' title='bbox 1121 470 1198 502; x_wconf 84' lang='lat' dir='ltr'>tuba</span> <span class='ocrx_word' id='word_1_76' title='bbox 1223 476 1271 504; x_wconf 88' lang='lat' dir='ltr'>est</span> <span class='ocrx_word' id='word_1_77' title='bbox 1299 472 1409 503; x_wconf 89' lang='lat' dir='ltr'>suavis</span> 
     </span>
     <span class='ocr_line' id='line_1_22' title="bbox 1052 518 1513 553; baseline 0.007 -3"><span class='ocrx_word' id='word_1_78' title='bbox 1052 518 1153 550; x_wconf 85' lang='lat' dir='ltr'>Sonos</span> <span class='ocrx_word' id='word_1_79' title='bbox 1188 518 1330 551; x_wconf 89' lang='lat' dir='ltr'>formans</span> <span class='ocrx_word' id='word_1_80' title='bbox 1361 520 1513 553; x_wconf 86' lang='lat' dir='ltr'>dulciter.</span> 
     </span>
    </p>
   </div>
   <div class='ocr_carea' id='block_1_11' title="bbox 902 597 1486 730">
    <p class='ocr_par' dir='ltr' id='par_1_11' title="bbox 902 597 1486 730">
     <span class='ocr_line' id='line_1_23' title="bbox 902 597 1486 640; baseline 0.002 -8"><span class='ocrx_word' id='word_1_81' title='bbox 902 600 921 632; x_wconf 89' lang='grc'>6</span> <span class='ocrx_word' id='word_1_82' title='bbox 937 599 968 632; x_wconf 93' lang='lat' dir='ltr'>b.</span> <span class='ocrx_word' id='word_1_83' title='bbox 1001 597 1105 632; x_wconf 80' lang='lat' dir='ltr'>Fonte</span> <span class='ocrx_word' id='word_1_84' title='bbox 1131 610 1231 639; x_wconf 84' lang='lat' dir='ltr'>pravo</span> <span class='ocrx_word' id='word_1_85' title='bbox 1258 601 1361 632; x_wconf 88' lang='lat' dir='ltr'>crevit</span> <span class='ocrx_word' id='word_1_86' title='bbox 1385 601 1486 640; x_wconf 85' lang='lat' dir='ltr'>rivus,</span> 
     </span>
     <span class='ocr_line' id='line_1_24' title="bbox 998 646 1456 681; baseline 0.007 -3"><span class='ocrx_word' id='word_1_87' title='bbox 998 647 1095 679; x_wconf 90' lang='lat' dir='ltr'>Cuius</span> <span class='ocrx_word' id='word_1_88' title='bbox 1122 646 1225 680; x_wconf 88' lang='lat' dir='ltr'>fluxus</span> <span class='ocrx_word' id='word_1_89' title='bbox 1252 653 1301 679; x_wconf 85' lang='lat' dir='ltr'>est</span> <span class='ocrx_word' id='word_1_90' title='bbox 1327 649 1456 681; x_wconf 83' lang='lat' dir='ltr'>dativus</span> 
     </span>
     <span class='ocr_line' id='line_1_25' title="bbox 1044 695 1414 730; baseline 0.008 -4"><span class='ocrx_word' id='word_1_91' title='bbox 1044 695 1243 727; x_wconf 86' lang='lat' dir='ltr'>Caelestibus</span> <span class='ocrx_word' id='word_1_92' title='bbox 1268 697 1414 730; x_wconf 84' lang='lat' dir='ltr'>aedibus.</span> 
     </span>
    </p>
   </div>
   <div class='ocr_carea' id='block_1_12' title="bbox 900 774 1451 912">
    <p class='ocr_par' dir='ltr' id='par_1_12' title="bbox 900 774 1451 912">
     <span class='ocr_line' id='line_1_26' title="bbox 900 774 1451 818; baseline 0.005 -10"><span class='ocrx_word' id='word_1_93' title='bbox 900 777 917 808; x_wconf 89' lang='grc'>7</span> <span class='ocrx_word' id='word_1_94' title='bbox 934 776 964 809; x_wconf 89' lang='lat' dir='ltr'>b.</span> <span class='ocrx_word' id='word_1_95' title='bbox 997 774 1124 810; x_wconf 82' lang='lat' dir='ltr'>Gaudet</span> <span class='ocrx_word' id='word_1_96' title='bbox 1149 787 1244 809; x_wconf 85' lang='lat' dir='ltr'>orans</span> <span class='ocrx_word' id='word_1_97' title='bbox 1271 778 1303 809; x_wconf 89' lang='lat' dir='ltr'>in</span> <span class='ocrx_word' id='word_1_98' title='bbox 1329 787 1451 818; x_wconf 83' lang='lat' dir='ltr'>agone:</span> 
     </span>
     <span class='ocr_line' id='line_1_27' title="bbox 999 825 1404 868; baseline 0.005 -13"><span class='ocrx_word' id='word_1_99' title='bbox 999 825 1186 866; x_wconf 81' lang='lat' dir='ltr'>„Miserere‚</span> <span class='ocrx_word' id='word_1_100' title='bbox 1214 827 1287 858; x_wconf 88' lang='lat' dir='ltr'>lesu</span> <span class='ocrx_word' id='word_1_101' title='bbox 1313 826 1404 868; x_wconf 84' lang='lat' dir='ltr'>bone,</span> 
     </span>
     <span class='ocr_line' id='line_1_28' title="bbox 1045 873 1433 912; baseline 0.005 -9"><span class='ocrx_word' id='word_1_102' title='bbox 1045 873 1087 903; x_wconf 90' lang='lat' dir='ltr'>Et</span> <span class='ocrx_word' id='word_1_103' title='bbox 1113 874 1256 904; x_wconf 83' lang='lat' dir='ltr'>salvator</span> <span class='ocrx_word' id='word_1_104' title='bbox 1281 874 1433 912; x_wconf 81' lang='lat' dir='ltr'>hominis;</span> 
     </span>
    </p>
   </div>
   <div class='ocr_carea' id='block_1_13' title="bbox 899 951 1505 1090">
    <p class='ocr_par' dir='ltr' id='par_1_13' title="bbox 899 951 1505 1090">
     <span class='ocr_line' id='line_1_29' title="bbox 899 951 1357 986; baseline 0.007 -3"><span class='ocrx_word' id='word_1_105' title='bbox 899 953 918 984; x_wconf 88' lang='lat'>8</span> <span class='ocrx_word' id='word_1_106' title='bbox 934 952 965 985; x_wconf 92' lang='lat' dir='ltr'>b.</span> <span class='ocrx_word' id='word_1_107' title='bbox 998 951 1065 986; x_wconf 86' lang='lat' dir='ltr'>Hac</span> <span class='ocrx_word' id='word_1_108' title='bbox 1090 954 1121 984; x_wconf 93' lang='lat' dir='ltr'>in</span> <span class='ocrx_word' id='word_1_109' title='bbox 1148 954 1227 985; x_wconf 86' lang='lat' dir='ltr'>hora</span> <span class='ocrx_word' id='word_1_110' title='bbox 1252 956 1357 986; x_wconf 91' lang='lat' dir='ltr'>sonuit</span> 
     </span>
     <span class='ocr_line' id='line_1_30' title="bbox 992 1002 1341 1041; baseline 0.006 -9"><span class='ocrx_word' id='word_1_111' title='bbox 992 1002 1135 1041; x_wconf 85' lang='lat' dir='ltr'>Angelus</span> <span class='ocrx_word' id='word_1_112' title='bbox 1162 1006 1192 1032; x_wconf 86' lang='lat' dir='ltr'>et</span> <span class='ocrx_word' id='word_1_113' title='bbox 1219 1003 1341 1034; x_wconf 86' lang='lat' dir='ltr'>monuit</span> 
     </span>
     <span class='ocr_line' id='line_1_31' title="bbox 1040 1049 1505 1090; baseline 0.009 -11"><span class='ocrx_word' id='word_1_114' title='bbox 1040 1049 1235 1081; x_wconf 85' lang='lat' dir='ltr'>Exauditam</span> <span class='ocrx_word' id='word_1_115' title='bbox 1269 1059 1328 1090; x_wconf 89' lang='lat' dir='ltr'>pro</span> <span class='ocrx_word' id='word_1_116' title='bbox 1363 1050 1505 1084; x_wconf 85' lang='lat' dir='ltr'>famulis.</span> 
     </span>
    </p>
   </div>
   <div class='ocr_carea' id='block_1_14' title="bbox 185 1126 1503 1243">
    <p class='ocr_par' dir='ltr' id='par_1_14' title="bbox 185 1126 1503 1243">
     <span class='ocr_line' id='line_1_32' title="bbox 262 1126 1503 1158; baseline 0.006 -8"><span class='ocrx_word' id='word_1_117' title='bbox 262 1126 344 1151; x_wconf 85' lang='lat' dir='ltr'>Miss.</span> <span class='ocrx_word' id='word_1_118' title='bbox 366 1135 417 1151; x_wconf 60' lang='grc' dir='ltr'>ως.</span> <span class='ocrx_word' id='word_1_119' title='bbox 439 1126 467 1151; x_wconf 75' lang='lat' dir='ltr'>S.</span> <span class='ocrx_word' id='word_1_120' title='bbox 483 1126 584 1152; x_wconf 76' lang='lat' dir='ltr'>Iacchi</span> <span class='ocrx_word' id='word_1_121' title='bbox 599 1127 840 1154; x_wconf 83' lang='lat' dir='ltr'>Vindobonensis</span> <span class='ocrx_word' id='word_1_122' title='bbox 862 1137 938 1155; x_wconf 83' lang='lat' dir='ltr'>saec.</span> <span class='ocrx_word' id='word_1_123' title='bbox 956 1127 998 1156; x_wconf 85' lang='lat'>15.</span> <span class='ocrx_word' id='word_1_124' title='bbox 1015 1129 1085 1156; x_wconf 86' lang='lat' dir='ltr'>Cod.</span> <span class='ocrx_word' id='word_1_125' title='bbox 1100 1129 1278 1156; x_wconf 80' lang='lat' dir='ltr'>Praedicatt.</span> <span class='ocrx_word' id='word_1_126' title='bbox 1296 1131 1503 1158; x_wconf 85' lang='lat' dir='ltr'>Vindobonen.</span> 
     </span>
     <span class='ocr_line' id='line_1_33' title="bbox 185 1162 1501 1198; baseline 0.005 -8"><span class='ocrx_word' id='word_1_127' title='bbox 185 1162 230 1190; x_wconf 87' lang='grc'>91.</span> <span class='ocrx_word' id='word_1_128' title='bbox 254 1177 288 1181; x_wconf 86' lang='grc'><strong>-</strong></span> <span class='ocrx_word' id='word_1_129' title='bbox 311 1164 368 1194; x_wconf 76' lang='grc'>31),</span> <span class='ocrx_word' id='word_1_130' title='bbox 395 1163 406 1189; x_wconf 95' lang='grc'><strong>1</strong></span> <span class='ocrx_word' id='word_1_131' title='bbox 430 1165 485 1190; x_wconf 79' lang='lat' dir='ltr'>Cui</span> <span class='ocrx_word' id='word_1_132' title='bbox 507 1166 578 1190; x_wconf 78' lang='lat' dir='ltr'>ratsi</span> <span class='ocrx_word' id='word_1_133' title='bbox 602 1164 684 1191; x_wconf 85' lang='lat' dir='ltr'>dans.</span> <span class='ocrx_word' id='word_1_134' title='bbox 706 1179 742 1182; x_wconf 92' lang='lat'>—-</span> <span class='ocrx_word' id='word_1_135' title='bbox 763 1165 819 1197; x_wconf 70' lang='lat'>412,</span> <span class='ocrx_word' id='word_1_136' title='bbox 842 1164 859 1193; x_wconf 86' lang='lat'><strong>3</strong></span> <span class='ocrx_word' id='word_1_137' title='bbox 881 1166 920 1193; x_wconf 85' lang='lat' dir='ltr'>Et</span> <span class='ocrx_word' id='word_1_138' title='bbox 941 1166 1035 1193; x_wconf 88' lang='lat' dir='ltr'>huius.</span> <span class='ocrx_word' id='word_1_139' title='bbox 1058 1181 1095 1185; x_wconf 87' lang='lat'>—</span> <span class='ocrx_word' id='word_1_140' title='bbox 1116 1166 1170 1198; x_wconf 78' lang='lat' dir='ltr'>6b.</span> <span class='ocrx_word' id='word_1_141' title='bbox 1195 1166 1212 1194; x_wconf 83' lang='lat'>2</span> <span class='ocrx_word' id='word_1_142' title='bbox 1233 1172 1277 1194; x_wconf 84' lang='lat' dir='ltr'>est</span> <span class='ocrx_word' id='word_1_143' title='bbox 1299 1169 1441 1196; x_wconf 85' lang='lat' dir='ltr'>diutinus.</span> <span class='ocrx_word' id='word_1_144' title='bbox 1464 1184 1501 1189; x_wconf 89' lang='lat'>—</span> 
     </span>
     <span class='ocr_line' id='line_1_34' title="bbox 185 1200 1503 1243; baseline 0.005 -15"><span class='ocrx_word' id='word_1_145' title='bbox 185 1200 242 1231; x_wconf 72' lang='grc'>61),</span> <span class='ocrx_word' id='word_1_146' title='bbox 264 1200 281 1227; x_wconf 74' lang='grc'>3</span> <span class='ocrx_word' id='word_1_147' title='bbox 302 1202 453 1229; x_wconf 80' lang='lat' dir='ltr'>Caelestis.</span> <span class='ocrx_word' id='word_1_148' title='bbox 469 1217 503 1220; x_wconf 97' lang='lat'><strong>—</strong></span> <span class='ocrx_word' id='word_1_149' title='bbox 525 1200 580 1235; x_wconf 80' lang='lat' dir='ltr'>8b,</span> <span class='ocrx_word' id='word_1_150' title='bbox 607 1202 618 1228; x_wconf 95' lang='grc'><strong>1</strong></span> <span class='ocrx_word' id='word_1_151' title='bbox 644 1203 737 1229; x_wconf 85' lang='lat' dir='ltr'>Hane.</span> <span class='ocrx_word' id='word_1_152' title='bbox 763 1218 794 1221; x_wconf 97' lang='lat'><strong>—</strong></span> <span class='ocrx_word' id='word_1_153' title='bbox 818 1204 980 1231; x_wconf 82' lang='lat' dir='ltr'>Scheinbar</span> <span class='ocrx_word' id='word_1_154' title='bbox 1000 1205 1051 1231; x_wconf 90' lang='lat' dir='ltr'>der</span> <span class='ocrx_word' id='word_1_155' title='bbox 1072 1209 1147 1232; x_wconf 82' lang='lat' dir='ltr'>erste</span> <span class='ocrx_word' id='word_1_156' title='bbox 1161 1206 1226 1233; x_wconf 77' lang='lat' dir='ltr'>Teii</span> <span class='ocrx_word' id='word_1_157' title='bbox 1248 1207 1329 1234; x_wconf 81' lang='lat' dir='ltr'>eines</span> <span class='ocrx_word' id='word_1_158' title='bbox 1350 1208 1503 1243; x_wconf 73' lang='lat' dir='ltr'>griisseren</span> 
     </span>
    </p>
   </div>
   <div class='ocr_carea' id='block_1_15' title="bbox 185 1240 342 1266">
    <p class='ocr_par' dir='ltr' id='par_1_15' title="bbox 185 1240 342 1266">
     <span class='ocr_line' id='line_1_35' title="bbox 185 1240 342 1266; baseline -0.006 0"><span class='ocrx_word' id='word_1_159' title='bbox 185 1240 342 1266; x_wconf 77' lang='lat' dir='ltr'>Abcedars.</span> 
     </span>
    </p>
   </div>
   <div class='ocr_carea' id='block_1_16' title="bbox 622 1343 1055 1375">
    <p class='ocr_par' dir='ltr' id='par_1_16' title="bbox 622 1343 1055 1375">
     <span class='ocr_line' id='line_1_36' title="bbox 622 1343 1055 1375; baseline 0.009 -4"><span class='ocrx_word' id='word_1_160' title='bbox 622 1343 669 1372; x_wconf 80' lang='grc'>64.</span> <span class='ocrx_word' id='word_1_161' title='bbox 712 1343 752 1374; x_wconf 84' lang='lat' dir='ltr'>De</span> <span class='ocrx_word' id='word_1_162' title='bbox 773 1344 883 1374; x_wconf 81' lang='lat' dir='ltr'>sancta</span> <span class='ocrx_word' id='word_1_163' title='bbox 904 1344 1055 1375; x_wconf 77' lang='lat' dir='ltr'>Barbara.</span> 
     </span>
    </p>
   </div>
   <div class='ocr_carea' id='block_1_17' title="bbox 212 1418 769 1550">
    <p class='ocr_par' dir='ltr' id='par_1_17' title="bbox 212 1418 769 1550">
     <span class='ocr_line' id='line_1_37' title="bbox 212 1418 736 1461; baseline 0.004 -9"><span class='ocrx_word' id='word_1_164' title='bbox 212 1422 227 1452; x_wconf 94' lang='lat'>1</span> <span class='ocrx_word' id='word_1_165' title='bbox 245 1430 273 1452; x_wconf 84' lang='lat' dir='ltr'>a.</span> <span class='ocrx_word' id='word_1_166' title='bbox 306 1418 405 1453; x_wconf 79' lang='lat' dir='ltr'>Beata</span> <span class='ocrx_word' id='word_1_167' title='bbox 433 1431 465 1452; x_wconf 88' lang='lat' dir='ltr'>es</span> <span class='ocrx_word' id='word_1_168' title='bbox 491 1426 524 1452; x_wconf 89' lang='lat' dir='ltr'>tu</span> <span class='ocrx_word' id='word_1_169' title='bbox 550 1423 611 1453; x_wconf 88' lang='lat' dir='ltr'>iam</span> <span class='ocrx_word' id='word_1_170' title='bbox 640 1423 736 1461; x_wconf 69' lang='lat' dir='ltr'>dicta,</span> 
     </span>
     <span class='ocr_line' id='line_1_38' title="bbox 303 1469 769 1509; baseline 0.004 -10"><span class='ocrx_word' id='word_1_171' title='bbox 303 1469 380 1507; x_wconf 76' lang='lat' dir='ltr'>Quia</span> <span class='ocrx_word' id='word_1_172' title='bbox 407 1478 464 1508; x_wconf 89' lang='lat' dir='ltr'>per</span> <span class='ocrx_word' id='word_1_173' title='bbox 489 1475 613 1509; x_wconf 84' lang='lat' dir='ltr'>patrem</span> <span class='ocrx_word' id='word_1_174' title='bbox 639 1470 769 1502; x_wconf 88' lang='lat' dir='ltr'>adflicta</span> 
     </span>
     <span class='ocr_line' id='line_1_39' title="bbox 352 1517 679 1550; baseline 0.009 -3"><span class='ocrx_word' id='word_1_175' title='bbox 352 1517 517 1548; x_wconf 80' lang='lat' dir='ltr'>Trinitatis</span> <span class='ocrx_word' id='word_1_176' title='bbox 543 1518 679 1550; x_wconf 91' lang='lat' dir='ltr'>nomine.</span> 
     </span>
    </p>
   </div>
   <div class='ocr_carea' id='block_1_18' title="bbox 209 1594 811 1734">
    <p class='ocr_par' dir='ltr' id='par_1_18' title="bbox 209 1594 811 1734">
     <span class='ocr_line' id='line_1_40' title="bbox 209 1594 715 1640; baseline 0.006 -13"><span class='ocrx_word' id='word_1_177' title='bbox 209 1597 227 1627; x_wconf 83' lang='lat'>2</span> <span class='ocrx_word' id='word_1_178' title='bbox 245 1607 273 1629; x_wconf 83' lang='lat' dir='ltr'>a.</span> <span class='ocrx_word' id='word_1_179' title='bbox 305 1594 396 1630; x_wconf 85' lang='lat' dir='ltr'>Rosa</span> <span class='ocrx_word' id='word_1_180' title='bbox 421 1598 521 1629; x_wconf 87' lang='lat' dir='ltr'>mirae</span> <span class='ocrx_word' id='word_1_181' title='bbox 547 1599 715 1640; x_wconf 87' lang='lat' dir='ltr'>castitatis,</span> 
     </span>
     <span class='ocr_line' id='line_1_41' title="bbox 306 1645 811 1687; baseline 0.006 -12"><span class='ocrx_word' id='word_1_182' title='bbox 306 1645 367 1676; x_wconf 89' lang='lat' dir='ltr'>Per</span> <span class='ocrx_word' id='word_1_183' title='bbox 399 1655 492 1684; x_wconf 81' lang='lat' dir='ltr'>quam</span> <span class='ocrx_word' id='word_1_184' title='bbox 527 1650 620 1687; x_wconf 86' lang='lat' dir='ltr'>porta</span> <span class='ocrx_word' id='word_1_185' title='bbox 655 1647 811 1678; x_wconf 78' lang='lat' dir='ltr'>claritatis</span> 
     </span>
     <span class='ocr_line' id='line_1_42' title="bbox 349 1692 717 1734; baseline 0.008 -11"><span class='ocrx_word' id='word_1_186' title='bbox 349 1693 401 1723; x_wconf 86' lang='lat' dir='ltr'>Fit</span> <span class='ocrx_word' id='word_1_187' title='bbox 428 1692 548 1725; x_wconf 85' lang='lat' dir='ltr'>afflicto</span> <span class='ocrx_word' id='word_1_188' title='bbox 575 1703 717 1734; x_wconf 89' lang='lat' dir='ltr'>corpore.</span> 
     </span>
    </p>
   </div>
   <div class='ocr_carea' id='block_1_19' title="bbox 207 1770 807 1904">
    <p class='ocr_par' dir='ltr' id='par_1_19' title="bbox 207 1770 807 1904">
     <span class='ocr_line' id='line_1_43' title="bbox 207 1770 807 1815; baseline 0.003 -10"><span class='ocrx_word' id='word_1_189' title='bbox 207 1774 270 1805; x_wconf 82' lang='lat' dir='ltr'>3a.</span> <span class='ocrx_word' id='word_1_190' title='bbox 303 1770 458 1806; x_wconf 89' lang='lat' dir='ltr'>Ambiens</span> <span class='ocrx_word' id='word_1_191' title='bbox 493 1775 647 1805; x_wconf 71' lang='lat' dir='ltr'>trinitatis</span> <span class='ocrx_word' id='word_1_192' title='bbox 675 1775 807 1815; x_wconf 83' lang='lat' dir='ltr'>gloriam</span> 
     </span>
     <span class='ocr_line' id='line_1_44' title="bbox 302 1821 694 1861; baseline 0.008 -10"><span class='ocrx_word' id='word_1_193' title='bbox 302 1821 419 1852; x_wconf 89' lang='lat' dir='ltr'>Videre</span> <span class='ocrx_word' id='word_1_194' title='bbox 446 1831 504 1861; x_wconf 91' lang='lat' dir='ltr'>per</span> <span class='ocrx_word' id='word_1_195' title='bbox 530 1822 694 1854; x_wconf 84' lang='lat' dir='ltr'>victoriam</span> 
     </span>
     <span class='ocr_line' id='line_1_45' title="bbox 351 1870 701 1904; baseline 0.011 -5"><span class='ocrx_word' id='word_1_196' title='bbox 351 1870 430 1900; x_wconf 89' lang='lat' dir='ltr'>Voto</span> <span class='ocrx_word' id='word_1_197' title='bbox 455 1874 545 1900; x_wconf 88' lang='lat' dir='ltr'>tenes</span> <span class='ocrx_word' id='word_1_198' title='bbox 571 1871 701 1904; x_wconf 86' lang='lat' dir='ltr'>curiam.</span> 
     </span>
    </p>
   </div>
   <div class='ocr_carea' id='block_1_20' title="bbox 203 1948 767 2080">
    <p class='ocr_par' dir='ltr' id='par_1_20' title="bbox 203 1948 767 2080">
     <span class='ocr_line' id='line_1_46' title="bbox 203 1948 712 1991; baseline 0.004 -10"><span class='ocrx_word' id='word_1_199' title='bbox 203 1952 268 1983; x_wconf 85' lang='lat' dir='ltr'>4a.</span> <span class='ocrx_word' id='word_1_200' title='bbox 300 1948 353 1983; x_wconf 89' lang='lat' dir='ltr'>Ad</span> <span class='ocrx_word' id='word_1_201' title='bbox 380 1950 504 1981; x_wconf 84' lang='lat' dir='ltr'>ianuam</span> <span class='ocrx_word' id='word_1_202' title='bbox 531 1954 565 1981; x_wconf 88' lang='lat' dir='ltr'>tu</span> <span class='ocrx_word' id='word_1_203' title='bbox 591 1952 712 1991; x_wconf 85' lang='lat' dir='ltr'>gratiae</span> 
     </span>
     <span class='ocr_line' id='line_1_47' title="bbox 301 1999 767 2038; baseline 0.006 -10"><span class='ocrx_word' id='word_1_204' title='bbox 301 1999 363 2029; x_wconf 90' lang='lat' dir='ltr'>Per</span> <span class='ocrx_word' id='word_1_205' title='bbox 388 1999 588 2038; x_wconf 88' lang='lat' dir='ltr'>palmamque</span> <span class='ocrx_word' id='word_1_206' title='bbox 615 1999 767 2031; x_wconf 88' lang='lat' dir='ltr'>victoriae</span> 
     </span>
     <span class='ocr_line' id='line_1_48' title="bbox 349 2045 749 2080; baseline 0.008 -3"><span class='ocrx_word' id='word_1_207' title='bbox 349 2045 479 2077; x_wconf 92' lang='lat' dir='ltr'>Conduc</span> <span class='ocrx_word' id='word_1_208' title='bbox 505 2050 577 2077; x_wconf 88' lang='lat' dir='ltr'>tuos</span> <span class='ocrx_word' id='word_1_209' title='bbox 603 2047 749 2080; x_wconf 85' lang='lat' dir='ltr'>athletas.</span> 
     </span>
    </p>
   </div>
   <div class='ocr_carea' id='block_1_21' title="bbox 894 1422 1386 1468">
    <p class='ocr_par' dir='ltr' id='par_1_21' title="bbox 894 1422 1386 1468">
     <span class='ocr_line' id='line_1_49' title="bbox 894 1422 1386 1468; baseline 0.006 -12"><span class='ocrx_word' id='word_1_210' title='bbox 894 1425 910 1456; x_wconf 95' lang='lat'>1</span> <span class='ocrx_word' id='word_1_211' title='bbox 929 1424 959 1456; x_wconf 95' lang='lat' dir='ltr'>b.</span> <span class='ocrx_word' id='word_1_212' title='bbox 991 1422 1101 1458; x_wconf 89' lang='lat' dir='ltr'>Arbor</span> <span class='ocrx_word' id='word_1_213' title='bbox 1126 1435 1159 1457; x_wconf 87' lang='lat' dir='ltr'>es</span> <span class='ocrx_word' id='word_1_214' title='bbox 1186 1430 1220 1457; x_wconf 90' lang='lat' dir='ltr'>tu</span> <span class='ocrx_word' id='word_1_215' title='bbox 1247 1427 1386 1468; x_wconf 84' lang='lat' dir='ltr'>deitatis,</span> 
     </span>
    </p>
   </div>
   <div class='ocr_carea' id='block_1_22' title="bbox 992 1473 1464 1560">
    <p class='ocr_par' dir='ltr' id='par_1_22' title="bbox 992 1473 1464 1560">
     <span class='ocr_line' id='line_1_50' title="bbox 992 1473 1417 1516; baseline 0.009 -13"><span class='ocrx_word' id='word_1_216' title='bbox 992 1473 1085 1504; x_wconf 82' lang='lat' dir='ltr'>Scala</span> <span class='ocrx_word' id='word_1_217' title='bbox 1110 1483 1250 1505; x_wconf 89' lang='lat' dir='ltr'>summae</span> <span class='ocrx_word' id='word_1_218' title='bbox 1276 1476 1417 1516; x_wconf 86' lang='lat' dir='ltr'>pietatis,</span> 
     </span>
     <span class='ocr_line' id='line_1_51' title="bbox 1039 1521 1464 1560; baseline 0.014 -9"><span class='ocrx_word' id='word_1_219' title='bbox 1039 1521 1105 1560; x_wconf 86' lang='lat' dir='ltr'>Qua</span> <span class='ocrx_word' id='word_1_220' title='bbox 1132 1522 1299 1554; x_wconf 90' lang='lat' dir='ltr'>solvuntur</span> <span class='ocrx_word' id='word_1_221' title='bbox 1324 1524 1464 1558; x_wconf 88' lang='lat' dir='ltr'>vincula.</span> 
     </span>
    </p>
   </div>
   <div class='ocr_carea' id='block_1_23' title="bbox 895 1598 1501 1741">
    <p class='ocr_par' dir='ltr' id='par_1_23' title="bbox 895 1598 1501 1741">
     <span class='ocr_line' id='line_1_52' title="bbox 895 1598 1425 1645; baseline 0.008 -13"><span class='ocrx_word' id='word_1_222' title='bbox 895 1602 915 1632; x_wconf 87' lang='lat'>2</span> <span class='ocrx_word' id='word_1_223' title='bbox 932 1600 962 1633; x_wconf 95' lang='lat' dir='ltr'>b.</span> <span class='ocrx_word' id='word_1_224' title='bbox 992 1598 1080 1634; x_wconf 90' lang='lat' dir='ltr'>Bene</span> <span class='ocrx_word' id='word_1_225' title='bbox 1106 1607 1211 1634; x_wconf 88' lang='lat' dir='ltr'>mente</span> <span class='ocrx_word' id='word_1_226' title='bbox 1238 1606 1425 1645; x_wconf 86' lang='lat' dir='ltr'>concepisti,</span> 
     </span>
     <span class='ocr_line' id='line_1_53' title="bbox 992 1649 1470 1685; baseline 0.013 -6"><span class='ocrx_word' id='word_1_227' title='bbox 992 1649 1123 1680; x_wconf 90' lang='lat' dir='ltr'>Trinum</span> <span class='ocrx_word' id='word_1_228' title='bbox 1151 1650 1251 1682; x_wconf 89' lang='lat' dir='ltr'>Deum</span> <span class='ocrx_word' id='word_1_229' title='bbox 1279 1661 1348 1683; x_wconf 86' lang='lat' dir='ltr'>esse</span> <span class='ocrx_word' id='word_1_230' title='bbox 1373 1663 1470 1685; x_wconf 88' lang='lat' dir='ltr'>unum</span> 
     </span>
     <span class='ocr_line' id='line_1_54' title="bbox 1039 1698 1501 1741; baseline 0.015 -14"><span class='ocrx_word' id='word_1_231' title='bbox 1039 1698 1102 1728; x_wconf 89' lang='lat' dir='ltr'>Per</span> <span class='ocrx_word' id='word_1_232' title='bbox 1119 1701 1183 1729; x_wconf 84' lang='lat' dir='ltr'>tres</span> <span class='ocrx_word' id='word_1_233' title='bbox 1202 1699 1299 1731; x_wconf 84' lang='lat' dir='ltr'>rimas</span> <span class='ocrx_word' id='word_1_234' title='bbox 1318 1701 1501 1741; x_wconf 81' lang='lat' dir='ltr'>designans,</span> 
     </span>
    </p>
   </div>
   <div class='ocr_carea' id='block_1_24' title="bbox 893 1775 1340 1812">
    <p class='ocr_par' dir='ltr' id='par_1_24' title="bbox 893 1775 1340 1812">
     <span class='ocr_line' id='line_1_55' title="bbox 893 1775 1340 1812; baseline 0.009 -4"><span class='ocrx_word' id='word_1_235' title='bbox 893 1778 913 1809; x_wconf 90' lang='lat'><strong>3</strong></span> <span class='ocrx_word' id='word_1_236' title='bbox 929 1777 960 1810; x_wconf 92' lang='lat' dir='ltr'>b.</span> <span class='ocrx_word' id='word_1_237' title='bbox 992 1775 1070 1811; x_wconf 87' lang='lat' dir='ltr'>Reis</span> <span class='ocrx_word' id='word_1_238' title='bbox 1096 1783 1130 1810; x_wconf 90' lang='lat' dir='ltr'>tu</span> <span class='ocrx_word' id='word_1_239' title='bbox 1155 1779 1187 1810; x_wconf 92' lang='lat' dir='ltr'>in</span> <span class='ocrx_word' id='word_1_240' title='bbox 1210 1780 1340 1812; x_wconf 81' lang='lat' dir='ltr'>miseria</span> 
     </span>
    </p>
   </div>
   <div class='ocr_carea' id='block_1_25' title="bbox 988 1825 1457 1913">
    <p class='ocr_par' dir='ltr' id='par_1_25' title="bbox 988 1825 1457 1913">
     <span class='ocr_line' id='line_1_56' title="bbox 988 1825 1456 1870; baseline 0.013 -14"><span class='ocrx_word' id='word_1_241' title='bbox 988 1825 1146 1857; x_wconf 85' lang='lat' dir='ltr'>Succurre</span> <span class='ocrx_word' id='word_1_242' title='bbox 1171 1837 1254 1859; x_wconf 87' lang='lat' dir='ltr'>nunc</span> <span class='ocrx_word' id='word_1_243' title='bbox 1279 1838 1375 1868; x_wconf 88' lang='lat' dir='ltr'>prece</span> <span class='ocrx_word' id='word_1_244' title='bbox 1401 1831 1456 1870; x_wconf 89' lang='lat' dir='ltr'>pia</span> 
     </span>
     <span class='ocr_line' id='line_1_57' title="bbox 1036 1875 1457 1913; baseline 0.012 -8"><span class='ocrx_word' id='word_1_245' title='bbox 1036 1875 1133 1913; x_wconf 90' lang='lat' dir='ltr'>Apud</span> <span class='ocrx_word' id='word_1_246' title='bbox 1161 1880 1248 1907; x_wconf 90' lang='lat' dir='ltr'>tuum</span> <span class='ocrx_word' id='word_1_247' title='bbox 1275 1877 1457 1911; x_wconf 90' lang='lat' dir='ltr'>Dominum.</span> 
     </span>
    </p>
   </div>
   <div class='ocr_carea' id='block_1_26' title="bbox 892 1951 1496 2000">
    <p class='ocr_par' dir='ltr' id='par_1_26' title="bbox 892 1951 1496 2000">
     <span class='ocr_line' id='line_1_58' title="bbox 892 1951 1496 2000; baseline 0.01 -14"><span class='ocrx_word' id='word_1_248' title='bbox 892 1956 913 1986; x_wconf 87' lang='lat'>4</span> <span class='ocrx_word' id='word_1_249' title='bbox 926 1953 958 1986; x_wconf 92' lang='lat' dir='ltr'>b.</span> <span class='ocrx_word' id='word_1_250' title='bbox 989 1951 1157 1997; x_wconf 84' lang='lat' dir='ltr'>Memento,</span> <span class='ocrx_word' id='word_1_251' title='bbox 1170 1965 1370 1999; x_wconf 87' lang='lat' dir='ltr'>quaesumus,</span> <span class='ocrx_word' id='word_1_252' title='bbox 1383 1961 1496 2000; x_wconf 86' lang='lat' dir='ltr'>nostri,</span> 
     </span>
    </p>
   </div>
   <div class='ocr_carea' id='block_1_27' title="bbox 985 2001 1496 2096">
    <p class='ocr_par' dir='ltr' id='par_1_27' title="bbox 985 2001 1496 2096">
     <span class='ocr_line' id='line_1_59' title="bbox 985 2001 1458 2048; baseline 0.017 -16"><span class='ocrx_word' id='word_1_253' title='bbox 985 2001 1068 2033; x_wconf 89' lang='lat' dir='ltr'>Dum</span> <span class='ocrx_word' id='word_1_254' title='bbox 1094 2004 1229 2036; x_wconf 86' lang='lat' dir='ltr'>solvitur</span> <span class='ocrx_word' id='word_1_255' title='bbox 1254 2015 1326 2038; x_wconf 86' lang='lat' dir='ltr'>sera</span> <span class='ocrx_word' id='word_1_256' title='bbox 1352 2008 1458 2048; x_wconf 87' lang='lat' dir='ltr'>morti,</span> 
     </span>
     <span class='ocr_line' id='line_1_60' title="bbox 1034 2050 1496 2096; baseline 0.017 -15"><span class='ocrx_word' id='word_1_257' title='bbox 1034 2050 1123 2082; x_wconf 85' lang='lat' dir='ltr'>Dans</span> <span class='ocrx_word' id='word_1_258' title='bbox 1159 2061 1299 2092; x_wconf 86' lang='lat' dir='ltr'>perenne</span> <span class='ocrx_word' id='word_1_259' title='bbox 1332 2056 1496 2096; x_wconf 87' lang='lat' dir='ltr'>gaudium.</span> 
     </span>
    </p>
   </div>
   <div class='ocr_carea' id='block_1_28' title="bbox 254 2125 1431 2164">
    <p class='ocr_par' dir='ltr' id='par_1_28' title="bbox 254 2125 1431 2164">
     <span class='ocr_line' id='line_1_61' title="bbox 254 2125 1431 2164; baseline 0.011 -13"><span class='ocrx_word' id='word_1_260' title='bbox 254 2125 338 2152; x_wconf 68' lang='lat' dir='ltr'>Miss.</span> <span class='ocrx_word' id='word_1_261' title='bbox 359 2126 559 2153; x_wconf 76' lang='lat' dir='ltr'>Posnaniense</span> <span class='ocrx_word' id='word_1_262' title='bbox 580 2127 649 2162; x_wconf 87' lang='lat' dir='ltr'>imp.</span> <span class='ocrx_word' id='word_1_263' title='bbox 673 2127 833 2155; x_wconf 83' lang='lat' dir='ltr'>Cracoviae</span> <span class='ocrx_word' id='word_1_264' title='bbox 858 2126 939 2155; x_wconf 87' lang='lat'>1524.</span> <span class='ocrx_word' id='word_1_265' title='bbox 963 2142 999 2148; x_wconf 97' lang='lat'><strong>—</strong></span> <span class='ocrx_word' id='word_1_266' title='bbox 1021 2129 1235 2160; x_wconf 82' lang='lat' dir='ltr'>Akrostichon:</span> <span class='ocrx_word' id='word_1_267' title='bbox 1258 2135 1431 2164; x_wconf 82' lang='lat' dir='ltr'>Barbaram.</span> 
     </span>
    </p>
   </div>
   <div class='ocr_carea' id='block_1_29' title="bbox 617 2263 1050 2298">
    <p class='ocr_par' dir='ltr' id='par_1_29' title="bbox 617 2263 1050 2298">
     <span class='ocr_line' id='line_1_62' title="bbox 617 2263 1050 2298; baseline 0.009 -4"><span class='ocrx_word' id='word_1_268' title='bbox 617 2263 663 2294; x_wconf 88' lang='grc'>65.</span> <span class='ocrx_word' id='word_1_269' title='bbox 705 2264 746 2294; x_wconf 85' lang='lat' dir='ltr'>De</span> <span class='ocrx_word' id='word_1_270' title='bbox 768 2266 877 2296; x_wconf 71' lang='lat' dir='ltr'>sancta</span> <span class='ocrx_word' id='word_1_271' title='bbox 898 2266 1050 2298; x_wconf 80' lang='lat' dir='ltr'>Barbara.</span> 
     </span>
    </p>
   </div>
   <div class='ocr_carea' id='block_1_30' title="bbox 203 2342 717 2482">
    <p class='ocr_par' dir='ltr' id='par_1_30' title="bbox 203 2342 717 2482">
     <span class='ocr_line' id='line_1_63' title="bbox 203 2342 717 2386; baseline 0.004 -12"><span class='ocrx_word' id='word_1_272' title='bbox 203 2343 218 2374; x_wconf 94' lang='lat'>1</span> <span class='ocrx_word' id='word_1_273' title='bbox 236 2351 265 2375; x_wconf 86' lang='lat' dir='ltr'>a.</span> <span class='ocrx_word' id='word_1_274' title='bbox 301 2342 406 2383; x_wconf 88' lang='lat' dir='ltr'>Salve,</span> <span class='ocrx_word' id='word_1_275' title='bbox 433 2352 506 2375; x_wconf 86' lang='lat' dir='ltr'>rosa</span> <span class='ocrx_word' id='word_1_276' title='bbox 531 2348 717 2386; x_wconf 85' lang='lat' dir='ltr'>martyrum,</span> 
     </span>
     <span class='ocr_line' id='line_1_64' title="bbox 294 2391 597 2432; baseline -0.003 -8"><span class='ocrx_word' id='word_1_277' title='bbox 294 2391 458 2424; x_wconf 83' lang='lat' dir='ltr'>Castitatis</span> <span class='ocrx_word' id='word_1_278' title='bbox 485 2392 597 2432; x_wconf 88' lang='lat' dir='ltr'>lilium,</span> 
     </span>
     <span class='ocr_line' id='line_1_65' title="bbox 343 2439 649 2482; baseline 0.01 -12"><span class='ocrx_word' id='word_1_279' title='bbox 343 2439 461 2471; x_wconf 84' lang='lat' dir='ltr'>Sancta</span> <span class='ocrx_word' id='word_1_280' title='bbox 486 2439 649 2482; x_wconf 82' lang='lat' dir='ltr'>Barbara;</span> 
     </span>
    </p>
   </div>
   <div class='ocr_carea' id='block_1_31' title="bbox 888 2347 1436 2390">
    <p class='ocr_par' dir='ltr' id='par_1_31' title="bbox 888 2347 1436 2390">
     <span class='ocr_line' id='line_1_66' title="bbox 888 2347 1436 2390; baseline 0.015 -11"><span class='ocrx_word' id='word_1_281' title='bbox 888 2348 904 2380; x_wconf 92' lang='lat'>1</span> <span class='ocrx_word' id='word_1_282' title='bbox 923 2347 954 2381; x_wconf 93' lang='lat' dir='ltr'>b.</span> <span class='ocrx_word' id='word_1_283' title='bbox 987 2348 1048 2380; x_wconf 89' lang='lat' dir='ltr'>Per</span> <span class='ocrx_word' id='word_1_284' title='bbox 1072 2358 1165 2390; x_wconf 87' lang='lat' dir='ltr'>quam</span> <span class='ocrx_word' id='word_1_285' title='bbox 1193 2350 1264 2384; x_wconf 86' lang='lat' dir='ltr'>fons</span> <span class='ocrx_word' id='word_1_286' title='bbox 1291 2353 1436 2387; x_wconf 86' lang='lat' dir='ltr'>laetitiae</span> 
     </span>
    </p>
   </div>
   <div class='ocr_carea' id='block_1_32' title="bbox 984 2396 1345 2484">
    <p class='ocr_par' dir='ltr' id='par_1_32' title="bbox 984 2396 1345 2484">
     <span class='ocr_line' id='line_1_67' title="bbox 984 2396 1345 2442; baseline 0.017 -14"><span class='ocrx_word' id='word_1_287' title='bbox 984 2396 1081 2429; x_wconf 91' lang='lat' dir='ltr'>Ortus</span> <span class='ocrx_word' id='word_1_288' title='bbox 1105 2404 1153 2430; x_wconf 89' lang='lat' dir='ltr'>est</span> <span class='ocrx_word' id='word_1_289' title='bbox 1178 2401 1345 2442; x_wconf 83' lang='lat' dir='ltr'>ecclesiae,</span> 
     </span>
     <span class='ocr_line' id='line_1_68' title="bbox 1033 2445 1332 2484; baseline 0.02 -7"><span class='ocrx_word' id='word_1_290' title='bbox 1033 2445 1151 2479; x_wconf 85' lang='lat' dir='ltr'>Sancta</span> <span class='ocrx_word' id='word_1_291' title='bbox 1176 2448 1332 2484; x_wconf 85' lang='lat' dir='ltr'>Barbara.</span> 
     </span>
    </p>
   </div>
  </div>
 </body>
</html>
