1655 2713
733 156 995 192 —138—

229 259 286 290 3a.
320 257 387 288 Rex
415 261 544 297 stupens
571 256 734 294 miraculo,

323 304 445 344 Regina
473 314 539 336 cum
568 303 685 344 populo

369 353 410 384 Et
438 353 506 391 ipsa
533 351 598 383 filia

229 451 287 480 4a.
320 449 461 480 Tandem
488 448 574 478 iussu
600 447 735 478 Daciani

323 496 424 527 Occisi
451 500 522 526 sunt
551 494 717 526 christiani

368 543 469 579 Adeo,
496 548 530 573 ut
557 541 670 573 fortior

228 640 286 670 52.
317 639 360 668 At
388 637 542 676 Georgius
569 637 649 668 haec
675 637 799 677 videns,

322 685 396 716 Zelo
419 685 542 724 ductuS,
570 684 697 717 Christo
715 683 830 723 fidens,

368 733 493 764 Sanctis
521 733 600 764 dans
626 732 778 764 solacium

231 829 289 861 62.
321 828 373 859 Ad
401 828 478 859 haec
504 832 658 867 tyrannus
684 828 805 860 exarsit

326 875 367 907 Et
394 874 533 907 fidelium
562 877 691 906 retorsit

374 923 494 954 Poenas
520 924 551 954 in
580 923 762 964 Georgium.

231 1019 247 1050 7
259 1028 288 1050 a.
321 1018 431 1050 Cultra
457 1020 535 1049 rotis
562 1018 754 1061 inseruntur,

328 1066 492 1098 Plumbum
507 1071 537 1097 et
548 1067 602 1105 pix
616 1067 833 1098 dissolvuntur

372 1115 548 1153 Sartagine.

229 1209 290 1240 Sa.
321 1209 411 1240 Tunc
437 1213 559 1248 martyr
583 1218 674 1240 caeso
700 1210 804 1249 capite

323 1255 372 1286 De
398 1261 533 1295 tyranno
559 1257 736 1296 praecipite

370 1304 600 1343 Triumphavit.

915 252 978 287 3b.
1010 252 1223 292 Baptizantur
1248 252 1404 294 concitus,

1011 301 1085 334 Una
1111 300 1162 332 die
1188 301 1316 340 penitus

1061 348 1180 388 Viginti
1207 348 1306 382 milia.

918 445 980 480 4b.
1012 445 1078 477 Sub
1105 444 1273 476 tormentis
1300 443 1479 484 palpitaret

1012 494 1055 526 Et
1080 501 1194 525 nomen
1220 492 1339 525 Christi
1368 496 1501 532 negaret

1060 541 1143 573 Fide
1168 541 1238 581 quis
1264 539 1432 574 infirmior.

919 636 979 669 5b.
1013 637 1099 668 Voce
1125 636 1230 668 libera
1256 635 1425 667 clamavit:

1017 684 1192 724 ..Dominus
1221 689 1336 715 cuncta
1363 682 1495 723 creavit,

1060 732 1240 764 Daemones
1267 732 1300 764 di
1326 729 1500 772 gentium.“

919 827 981 861 6b.
1014 828 1133 859 Eculeo
1160 828 1364 865 distenditur,

1016 876 1153 916 Ungulis
1180 885 1254 907 caro
1281 876 1424 917 finditur,

1063 924 1174 955 Rimae
1200 928 1312 963 patent
1337 923 1466 956 ossium.

920 1019 983 1052 7b.
1015 1020 1082 1060 Pyr
1108 1020 1148 1050 de
1175 1019 1262 1051 caelo
1288 1023 1375 1050 rotas
1401 1018 1493 1057 ussit,

1013 1067 1057 1099 Ut
1082 1076 1134 1098 ros
1161 1066 1283 1107 plumbi
1310 1067 1358 1098 vis
1386 1065 1504 1098 defecit

1061 1115 1254 1147 certamine.

918 1210 936 1242 8
949 1210 980 1242 b.
1012 1210 1105 1241 Nunc
1119 1219 1256 1250 regnans
1267 1219 1326 1251 pro
1337 1209 1428 1241 nobis
1438 1209 1527 1241 vitae

1012 1258 1130 1298 Regem
1157 1263 1247 1298 roget
1272 1258 1421 1295 sollicite,

1057 1307 1155 1344 Quem
1181 1307 1311 1338 amavit.

279 1409 415 1441 Sequent-
445 1417 496 1433 ins.
520 1408 743 1434 Ravennatense
772 1410 841 1435 anni
874 1407 1032 1437 1585-87.
1055 1410 1125 1437 Cod.
1149 1410 1279 1437 Classen.
1310 1408 1366 1437 360
1392 1407 1470 1441 (139.
1497 1408 1524 1435 5.

207 1446 246 1473 §.l
275 1446 307 1470 A.
340 1459 369 1461 ψ

400 1445 482 1471 Miss.
505 1445 691 1472 Ruthenense
719 1448 788 1482 imp.
809 1447 948 1482 Lugduni
970 1456 1012 1474 ca.
1037 1447 1119 1475 1540.
1142 1449 1173 1475 B.
1194 1463 1231 1466 —
1252 1449 1335 1475 Miss.
1357 1449 1529 1475 Parisiense

206 1484 274 1517 imp.
296 1483 418 1509 Parisiis·
443 1482 523 1510 1585.
546 1485 577 1510 C.
601 1499 638 1502 —
662 1484 711 1514 lh,
733 1483 751 1512 3
774 1485 898 1512 fructum
922 1486 955 1513 Β.
977 1500 1013 1505 —·
1039 1484 1093 1519 3b,
1115 1485 1133 1513 2
1148 1487 1213 1520 Qua
1232 1487 1280 1514 die
1295 1486 1354 1513 AC.
1376 1502 1412 1506 —
1434 1485 1486 1514 5a.
1508 1486 1529 1510 3⁴⁸»

206 1523 322 1547 >sanctis
345 1521 393 1547 dat
418 1522 449 1548 Α.
471 1535 507 1540 --
529 1521 579 1553 6a,
601 1520 618 1548 ‘2
639 1524 781 1550 contorsit
802 1524 836 1550 A*
859 1538 894 1542 —
917 1523 969 1557 611,
991 1523 1008 1551 2
1031 1525 1174 1552 scinditur
1197 1526 1229 1552 B.
1250 1540 1287 1544 —
1309 1524 1362 1558 Tb,
1387 1524 1400 1552 1
1420 1525 1464 1553 Ur
1484 1525 1524 1557 B;

204 1559 243 1585 Ut
264 1559 322 1585 AC.
343 1573 379 1577 —
403 1558 453 1591 Tb,
476 1558 493 1586 ‘2
514 1559 611 1587 deficit
632 1562 666 1587 A.

646 1720 705 1751 147.
746 1721 788 1751 De
810 1723 917 1753 sancto
938 1722 1080 1763 Georgii).

230 1828 239 1857 1
256 1835 283 1857 a.
318 1827 429 1857 Gaude
448 1828 548 1863 miles,
567 1833 690 1869 martyr
715 1829 827 1869 gaude,

323 1874 400 1905 Cum
427 1876 470 1906 sis
490 1876 602 1915 dignus
620 1878 703 1908 omni
722 1877 828 1917 laude,

322 1921 369 1952 Tu
397 1921 535 1954 defende
560 1933 617 1955 nos
643 1934 661 1955 a
688 1923 801 1956 fraude

372 1969 507 2002 Satanae
533 1972 713 2011 multiplici.

229 2066 288 2097 ·2a.
323 2066 385 2098 Ora
412 2070 534 2105 patrem
562 2067 731 2099 salvatoris

323 2113 370 2144 Tu
398 2123 456 2153 pro
482 2114 573 2146 nobis
599 2116 707 2146 multis
733 2116 831 2155 horis,

326 2161 368 2193 Ut
396 2167 425 2192 et
452 2171 509 2194 nos
534 2163 566 2194 in
594 2163 673 2194 caeli
699 2163 804 2196 choris

371 2209 475 2241 Ducat
502 2219 570 2242 cum
597 2211 724 2242 solacio.

226 2307 244 2338 3
258 2315 286 2338 a.
318 2307 354 2338 In
379 2306 439 2338 hac
465 2307 531 2338 vita
558 2316 615 2339 nos
642 2307 786 2345 emenda,

319 2354 368 2386 Ne
393 2364 451 2386 nos
476 2355 553 2387 hora
571 2359 647 2387 tunc
664 2355 831 2387 tremenda

323 2402 455 2444 Laedat‚
482 2407 537 2435 tua
565 2403 622 2435 sed
641 2403 831 2443 complenda

369 2450 470 2482 Nobis
497 2451 537 2482 sit
563 2451 758 2492 suffragium.

916 1831 975 1863 lb.
1007 1831 1094 1872 Ergo
1129 1841 1235 1872 regem
1270 1832 1322 1865 fac
1348 1834 1527 1875 placatum,

1009 1879 1182 1920 Christum,
1214 1880 1254 1911 de
1281 1881 1387 1913 Maria
1411 1886 1524 1916 natum

1008 1927 1049 1958 Et
1076 1937 1095 1958 a
1121 1932 1214 1967 patre
1240 1936 1456 1971 procreatum,

1059 1975 1163 2006 Corde
1189 1981 1264 2016 peto
1289 1979 1439 2018 supplici.

916 2069 980 2102 2b.
1012 2070 1081 2102 Rex
1107 2071 1219 2104 adesto
1246 2075 1457 2117 supplicatus,

1014 2118 1075 2150 Per
1100 2124 1132 2150 te
1157 2124 1267 2152 noster
1293 2122 1468 2155 advocatus

1012 2166 1148 2199 Nostros
1178 2168 1285 2201 deleat
1311 2175 1419 2203 reatus

1059 2214 1161 2246 Nobis
1188 2216 1264 2248 dato
1289 2219 1405 2258 spatio.

915 2309 977 2344 3b.
1009 2311 1053 2344 Ut
1080 2320 1139 2350 pro
1165 2312 1257 2344 nobis
1283 2322 1353 2345 esse
1380 2315 1459 2347 velis

1010 2359 1101 2399 Pugil
1129 2361 1270 2403 tandem,
1295 2363 1407 2402 quoin
1427 2365 1527 2398 caelis

1010 2406 1077 2438 Nos
1103 2407 1255 2448 locemur,
1283 2419 1322 2442 ne
1349 2412 1491 2445 crudelis

1056 2454 1163 2488 Ducat
1188 2457 1230 2488 ad
1257 2460 1478 2501 praestigium.
