1655 2713
683 164 948 199 —113—

171 252 231 283 2a.
265 251 392 285 Natura
417 255 564 288 stimulat

265 299 390 332 Malum
416 301 613 342 Fabricium,

265 348 391 380 Fremit
417 355 449 381 et
475 353 619 385 cumulat

263 395 312 428 Ob
339 396 400 428 boc
426 399 631 442 supplicium,

313 444 357 476 Ut
384 445 466 477 hanc
492 447 634 488 alliciat3

163 519 223 553 3a.
256 520 358 553 Foras
385 522 479 554 eiciat

261 568 462 602 Mundanum
489 571 600 613 otium,

262 617 307 650 Ut
332 627 396 649 non
423 619 582 659 despiciat

260 665 392 697 Castum
418 668 591 711 negotium,

310 714 434 747 Poenas
460 717 624 751 sustinuit.

161 791 224 823 4a.
256 791 398 832 Accede,
425 802 576 837 propera,

259 839 349 871 Iusta
375 846 407 871 et
433 842 582 883 supplica

255 886 299 918 Et
327 893 438 920 nostra
464 899 597 922 munera

258 935 442 968 Clementer
469 938 600 978 duplica

303 984 341 1015 In
369 985 458 1017 caelo
484 991 516 1017 et
541 987 574 1018 in
600 991 699 1023 terra.

157 1062 218 1093 5a.
251 1060 355 1092 Audit
381 1066 413 1092 et
437 1062 574 1104 suscipit

256 1108 368 1140 Puella
395 1110 566 1151 canticum,

255 1157 347 1196 Quod
375 1157 491 1190 chorus
516 1159 577 1190 iam
604 1160 730 1201 incipit.

252 1204 319 1236 Nos
347 1206 427 1237 caeli
453 1207 594 1239 anticum

298 1254 431 1294 Ingredi
458 1255 563 1295 rogita

869 261 932 295 2b.
965 261 1228 302 Superbientium

963 309 1063 342 Terat
1090 310 1231 354 fastigia,

965 357 1070 389 Vertit
1095 359 1309 400 Theophilum

962 405 1106 445 Simplex
1134 408 1289 450 puellula,

1011 455 1055 487 Ut
1081 455 1160 486 haec
1188 456 1346 496 perficiat.

864 529 926 563 3b.
964 530 1066 572 ‚,En,“
1100 533 1215 572 inquit,
1246 534 1382 575 „niteris

959 579 1014 610 Me
1037 580 1265 622 coinquinare;

960 626 1088 660 Clerum
1117 639 1188 660 cuni
1216 630 1332 662 ceteris

959 676 1070 707 (J'lisco
1096 678 1281 719 adunai·e;“

1006 725 1047 756 Et
1076 725 1135 756 hoc
1161 726 1310 758 obtinuit.

870 799 924 833 lb.
959 801 1065 841 Virgo,
1095 803 1221 833 notario

959 849 1057 880 Poma
1083 850 1230 889 angelica

957 897 993 928 In
1022 897 1201 928 Februario

957 944 1048 975 Dona
1081 950 1110 976 et
1139 947 1240 977 caelia

1003 993 1239 1024 Transmittcns
1258 995 1326 1025 sinc
1345 1006 1471 1035 guerra,

860 1067 926 1100 5b.
958 1069 1185 1101 Consiliarium

956 1118 1094 1149 Humani
1121 1119 1257 1158 generis,

952 1165 1001 1196 De
1028 1166 1091 1196 tuis
1118 1167 1320 1206 supplicibus

952 1213 1061 1245 Servis
1088 1219 1119 1245 ct
1146 1215 1257 1246 liberis

999 1263 1123 1302 lugiter
1145 1264 1261 1304 cogita.

206 1328 290 1355 Miss.
312 1338 367 1356 ms.
389 1332 491 1358 int-ert.
513 1334 620 1369 origin.
643 1342 718 1361 saec.
736 1333 780 1362 15.
805 1335 1049 1365 clm.)10nace11.
1072 1338 1174 1366 23:²74.
1194 1356 1227 1359 —
1250 1338 1304 1370 *2b.
1326 1341 1344 1368 4
1360 1342 1470 1377 puella.

131 1380 169 1384 —
189 1365 248 1400 5a,
275 1367 294 1395 4
315 1369 355 1395 Et
375 1370 450 1396 caeli
473 1372 642 1399 anticumen
668 1382 722 1399 nos
744 1372 788 1410 ['].
815 1390 852 1393 —
879 1374 932 1408 δὴ,
953 1376 971 1403 3
994 1378 1037 1404 De
1060 1379 1154 1405 cuins.
1177 1394 1212 1397 ——
1235 1379 1380 1407 Melodiu:
1412 1381 1470 1407 Dic

130 1405 378 1442 Mai-ienscquenz
399 1409 536 1442 gleichen
558 1411 718 1447 Anfanges.

561 1523 613 1554 117.
657 1525 698 1556 De
725 1528 840 1557 sancta
864 1527 1030 1559 Dorothea.

149 1601 209 1633 la.
243 1597 349 1639 Salve,
376 1611 449 1634 rosa
476 1603 645 1641 claritatis,

244 1649 346 1680 Rivus
373 1651 500 1690 amplus
527 1652 693 1695 bonitatis,

240 1697 333 1729 Ebur
359 1699 501 1731 candens
529 1701 698 1739 castitatis,

290 1747 461 1779 Balsamus
489 1747 698 1793 fragrantiae,

141 1832 204 1865 22.
235 1829 357 1873 Ecquis
384 1839 416 1865 te
441 1843 510 1866 cum
538 1839 593 1868 tuo
620 1842 712 1877 grato

239 1881 375 1924 Sponso,
403 1884 539 1916 multum
568 1884 718 1924 delicato,

234 1929 441 1970 Euphonizet
467 1942 574 1965 coram
601 1938 672 1965 rato

287 1979 391 2020 Vulgo
419 1980 637 2014 christianico.

140 2110 202 2143 3a.
231 2105 326 2143 Haec
353 2116 402 2142 est
428 2112 485 2144 illa
511 2113 602 2153 virgo
629 2113 728 2152 clara,

234 2159 323 2199 Quae
349 2164 512 2192 tormenta
538 2170 598 2200 per
623 2171 734 2194 amara

233 2207 363 2247 Agnum
386 2209 520 2240 multum
540 2209 572 2240 in
587 2210 757 2249 praeclara

283 2256 436 2288 Imitatur
460 2267 613 2298 suppara.

135 2339 199 2370 4a.
231 2335 314 2372 Nam
339 2344 467 2380 orante,
496 2340 585 2381 virgo
613 2339 677 2379 dia,

233 2385 319 2427 Scio,
347 2388 434 2428 quod
460 2388 494 2420 in
520 2388 682 2420 ierarchia

231 2434 279 2467 Te
303 2435 483 2476 implorans
509 2446 547 2469 ac
574 2437 736 2469 honorans

285 2483 431 2517 Situetur
456 2485 589 2518 caelica.

164 2541 298 2571 Blume,
321 2542 493 2572 sequentiae
510 2544 658 2567 Ineditiae.
684 2544 738 2569 IX.

850 1609 865 1640 1
881 1607 911 1639 b.
947 1605 1109 1642 'turturea
1135 1611 1311 1646 Dorothea.

945 1657 1032 1695 Quae
1057 1667 1090 1689 es
1118 1660 1199 1690 cella
1227 1670 1419 1701 marmorea,

944 1705 1013 1737 Tuo
1040 1705 1150 1749 δούλῳ
1177 1707 1290 1740 confer
1317 1718 1364 1747 ea,

991 1754 1078 1793 Quae
1110 1759 1184 1787 sunt
1215 1757 1299 1789 dona
1326 1758 1460 1798 gratiae.

845 1839 907 1872 2b.
940 1837 1084 1881 Pangam
1111 1851 1187 1883 ergo
1211 1843 1294 1875 hanc
1313 1854 1461 1876 sonoram

941 1888 1036 1920 Oram
1063 1891 1198 1930 gemmis
1226 1893 1412 1932 polituram,

938 1934 1086 1977 Castam,
1123 1940 1251 1979 iustam,
1284 1951 1378 1981 quam
1408 1943 1462 1973 ‹le-

1227 1999 1333 2021 coram

986 2034 1144 2067 Referunt
1171 2039 1364 2078 grapliilogi.

844 2115 904 2148 3b.
937 2113 1058 2149 Aurem
1086 2125 1171 2150 tuam
1201 2120 1261 2151 huc
1289 2121 1421 2159 inclina,

940 2165 1084 2205 Hostem,
1096 2176 1223 2206 precor,
1235 2170 1346 2208 procul
1364 2171 1460 2207 mina,

939 2213 988 2245 Ne
1020 2224 1077 2245 nos
1106 2214 1220 2247 fraude
1249 2217 1300 2248 liic
1327 2219 1459 2258 vulpina

987 2263 1136 2302 Impellat
1164 2264 1206 2295 ad
1233 2264 1397 2297 barathra.

842 2343 906 2376 4b.
939 2342 1052 2385 Virgo,
1079 2346 1171 2377 nobis
1198 2347 1373 2387 impetrare

937 2393 1072 2434 Locum,
1100 2394 1132 2425 in
1160 2404 1222 2434 quo
1248 2396 1385 2428 iubilar(¹

938 2442 1062 2483 Sponso
1090 2442 1212 2483 tibique
1238 2454 1353 2476 sonare

985 2490 1114 2523 Laudes
1141 2491 1319 2525 efficaciter

1261 2548 1278 2578 8
