1655 2713
746 151 982 185 -76-

230 245 290 277 3a.
327 245 417 284 Quod
443 246 584 278 ablatum
610 251 658 278 est
683 247 828 288 paganis,

326 293 383 324 Est
411 294 550 326 oblatum
579 295 761 326 christianis

376 342 437 373 Pro
464 342 579 382 insigni
607 351 753 383 munere;

230 427 290 457 4a.
326 427 405 458 Erat
430 428 538 459 videre
564 429 730 460 molestum

326 474 448 505 Donum
475 480 598 514 gratum
618 481 649 507 et
667 476 833 508 honestum

373 522 528 562 Deputari
555 523 704 565 canibus3

224 609 281 638 5a.
318 608 391 639 Fuit
419 618 553 648 namque
580 610 673 641 valde
700 611 828 650 dignum

319 655 361 686 Et
388 656 515 687 honoris
541 657 651 697 ingens
677 658 800 698 signum

367 703 510 735 Tradere
537 704 685 737 fidelibus

229 789 288 821 6a.
326 789 508 821 Thesaurus
533 791 607 822 olim
635 797 765 832 opertus

323 837 516 869 Orthodoxis
543 840 598 870 sed
624 844 754 879 apertus

368 884 462 923 Spem
485 887 577 926 erigit
605 888 721 926 valide,

226 1016 283 1050 7a.
320 1018 400 1048 Nam
428 1019 588 1051 Romanus
614 1021 798 1062 imperator,

321 1065 449 1096 Domini
476 1067 578 1098 cultus
604 1069 733 1105 zelator,

370 1113 446 1144 Cum
473 1124 530 1145 sua
554 1116 667 1148 militia

221 1197 279 1229 Sa.
316 1198 423 1238 Usque
450 1200 543 1231 modo
568 1204 720 1240 operatur

315 1245 410 1282 Deus,
437 1248 563 1286 quando
591 1248 764 1280 bonoratur

362 1293 485 1332 Sponsa
511 1304 567 1326 sua
594 1296 748 1337 Barbara,

219 1378 276 1409 92.
314 1379 338 1410 O
366 1380 532 1418 praeclara
551 1381 669 1412 Christi
693 1391 821 1424 sponsa,

317 1426 364 1457 Da
390 1428 554 1466 paenitere
579 1429 736 1461 absconsa

365 1475 426 1506 Per
459 1476 627 1507 contritum
663 1478 821 1518 spiritum.

195 1559 274 1591 lOa.
313 1560 413 1591 Recta
447 1561 531 1592 vitae
556 1566 684 1594 nostrae
710 1574 820 1596 norma

311 1607 470 1639 Virtutum
497 1610 635 1641 omnium
663 1610 766 1643 forma

360 1656 404 1687 Es
430 1657 575 1695 illustris,
604 1658 758 1699 Barbara,

197 1740 237 1772 11
252 1749 279 1771 a.
317 1742 393 1773 Cum
421 1739 541 1773 salubri
567 1749 766 1776 sacramento

314 1789 376 1820 Pro
404 1789 530 1821 virtutis
558 1792 788 1831 complemento

357 1836 445 1868 Muni
473 1842 615 1870 nostrum
643 1841 770 1882 exitum,

194 1922 234 1953 12
249 1931 276 1952 a.
313 1921 375 1954 Ubi
403 1932 471 1954 cum
498 1924 695 1957 iucunditate

311 1969 352 2001 Et
379 1980 501 2002 summa
526 1973 697 2005 securitate

358 2018 528 2050 Laetemur
553 2022 738 2060 perenniter

266 2103 471 2136 Fragmentum
493 2113 545 2131 ms.
566 2105 697 2133 Missalis
719 2116 794 2135 saec.
823 2106 867 2135 16.

922 248 984 281 3b.
1022 248 1082 280 Est
1106 248 1281 281 salubriter
1306 249 1500 282 translatum

1016 296 1060 328 Et
1086 297 1128 328 ad
1154 300 1263 338 partes
1291 297 1348 329 has
1373 297 1507 329 allatum

1065 343 1188 384 Corpus
1206 349 1336 377 sanctae
1354 345 1531 380 Barbarae.

920 429 982 464 4b.
1020 431 1108 463 Haec
1133 431 1252 463 nobilis
1278 432 1464 473 margarita,

1015 478 1135 511 Christi
1162 479 1316 521 sanguine
1339 480 1452 519 polita,

1061 527 1133 558 Non
1159 531 1208 558 est
1235 527 1343 559 danda
1370 528 1492 562 suibus.

913 611 976 645 5b.
1013 614 1092 645 Tam
1118 613 1295 654 pretiosum
1328 614 1526 657 thesaurum,

1009 661 1223 693 Aestimatum
1250 671 1349 703 snper
1373 672 1486 694 aurum

1056 709 1150 740 Hunc
1177 710 1272 750 digne
1297 710 1487 742 colentibus.

916 794 976 827 eb.
1012 795 1055 827 Et
1081 796 1187 828 lumen
1211 797 1372 837 quondam
1390 797 1525 830 abscon-

1011 892 1078 923 Iam
1105 854 1505 933 candelabrcfufffipensum

1060 939 1159 970 Lucet
1187 940 1308 972 cunctis
1336 941 1476 980 placide.

918 1024 978 1056 7b.
1013 1025 1157 1057 Plurima
1183 1027 1382 1058 curationum

1011 1072 1130 1104 Contra
1156 1079 1262 1112 pestes
1288 1074 1463 1107 laesionum

1059 1120 1202 1160 Sumpsit
1228 1121 1394 1155 beneficia.

907 1203 969 1237 8b.
1006 1203 1166 1237 Auferens
1192 1211 1298 1245 pestes
1336 1212 1367 1238 et
1393 1209 1522 1241 morbos

1003 1251 1124 1284 Sanans
1137 1258 1248 1293 mutos,
1263 1257 1519 1295 caeCOS‚surdOS‚

1054 1300 1226 1332 Vivificans
1254 1301 1377 1335 funera.

907 1385 969 1417 9b.
1006 1386 1072 1417 Fac
1103 1387 1217 1418 surdos
1244 1392 1275 1419 te
1301 1390 1483 1422 auscultare

1002 1433 1044 1464 Et
1071 1439 1175 1467 mutos
1203 1436 1255 1475 pie
1283 1441 1410 1469 ructare

1051 1482 1152 1514 Tuum
1180 1483 1428 1523 beneplacitum.

883 1567 925 1598 10
938 1566 967 1598 b.
1005 1568 1057 1599 Ad
1085 1572 1115 1598 te
1141 1568 1314 1601 clamamus
1348 1571 1516 1614 instanter,

1005 1614 1118 1647 Facito
1144 1625 1201 1648 nos
1227 1617 1451 1650 incunctanter

1054 1663 1205 1696 Devitare
1231 1669 1363 1697 tartara.

886 1747 968 1780 11b.
1004 1749 1049 1781 Ut
1074 1754 1106 1782 te
1133 1751 1277 1790 metrice,
1305 1755 1336 1783 te
1363 1752 1455 1794 duce,

1002 1797 1214 1829 Transeamus
1246 1808 1284 1830 ex
1311 1799 1371 1831 hac
1397 1801 1467 1834 luce

1049 1845 1102 1876 Ad
1134 1845 1237 1877 locum
1265 1848 1466 1890 dispositum,

885 1928 926 1961 12
938 1929 968 1961 b.
1004 1930 1078 1961 Illic
1104 1939 1173 1962 cum
1200 1934 1320 1964 sanctis
1339 1935 1514 1974 gaudentes

1002 1979 1052 2009 Ac
1078 1979 1197 2010 vultum
1226 1979 1288 2014 Dci
1317 1989 1483 2016 cernentes

1048 2026 1227 2066 Regnemus
1254 2028 1402 2063 feliciter.

886 2108 1055 2146 (Appendix
1075 2113 1157 2138 Miss.
1177 2113 1339 2143 Misnensis
1354 2118 1424 2153 imp.
1441 2119 1510 2155 Lip-

189 2141 251 2167 siae
274 2139 364 2173 1510).
387 2142 448 2168 Auf
465 2142 515 2169 der
537 2145 656 2172 Wiener
680 2145 707 2172 k.
730 2146 758 2173 k.
780 2147 1011 2176 Hofbibliothek
1032 2148 1069 2176 22
1090 2151 1116 2177 D
1140 2149 1183 2178 13.
1207 2167 1242 2170 —

579 2267 623 2297 76.
665 2267 707 2298 De
729 2270 837 2300 sancto
864 2269 1112 2304 Bai-tholomaeo.

214 2346 270 2378 la.
306 2345 423 2386 Lyram
455 2350 549 2387 tange
580 2349 813 2388 concrepando,

306 2393 406 2426 Laeta
432 2404 535 2435 pange
561 2396 756 2428 modulando

352 2442 541 2482 Euphoniae
567 2445 709 2485 cantica3

901 2353 916 2384 1
931 2351 962 2385 b.
991 2352 1094 2394 Tuba‚
1121 2355 1233 2396 clange
1258 2356 1470 2400 buccinando,

994 2401 1089 2434 Vires
1115 2412 1195 2444 auge
1221 2406 1420 2446 resultando,

1042 2449 1140 2483 Sonet
1167 2453 1236 2485 laus
1264 2454 1460 2490 harmonica.
