1655 2713
751 149 1016 184 —272—

246 250 266 281 4
280 258 308 281 a.
340 249 550 288 Coniungunt,

246 433 305 463 ba.

245 613 303 643 Ga.

342 297 418 328 laeti
444 296 558 335 gaudia

344 343 507 375 celebrant
533 343 652 381 mundi,

336 430 398 462 Hic
424 429 551 469 praesul

339 486 495 516 supernae
521 485 645 517 semper

338 526 476 556 intentus
503 525 626 564 patriae

337 611 382 641 Te
408 619 500 646 nune,
527 610 637 641 inclite

337 658 466 697 praesul
493 658 647 690 Udalrice

338 706 466 747 Christi,
495 715 673 745 precamur,

935 247 998 280 4b.
1033 247 1091 286 Qui
1119 248 1269 279 mundum

935 429 998 464 5b.

933 610 996 644 fib.

1031 295 1154 335 sprevit
1180 295 1342 328 mundano

1032 342 1179 383 principe
1206 347 1339 384 tempto.

1030 429 1170 461 Lubrica

1030 477 1210 517 praesentis
1236 478 1322 510 vitae

1030 525 1220 565 contempsit
1248 527 1375 566 gaudia.

1027 611 1086 650 Qui
1111 611 1206 652 plura
1232 612 1318 643 mitis

1031 659 1177 690 caelestis
1203 660 1328 699 gratiae

1029 707 1113 739 dona
1140 708 1278 747 largiriS,

670 793 700 824 7.
732 792 798 824 Nos
825 796 855 824 et
881 793 968 825 hunc
995 794 1098 825 locum

734 845 834 873 tuere.

295 923 383 950 Grad.
406 933 459 950 ms.
480 924 711 960 Augustinorum
727 934 801 952 saec.
818 924 894 953 ¹2l1a.
911 927 981 953 Cod.
999 927 1135 953 Turicen.
1151 927 1284 954 Rhenov.
1308 926 1354 954 55.
1376 928 1440 955 add.
1464 937 1540 956 saec.

221 960 314 1026 131——
337 964 394 988 Str.
408 961 452 988 4b
474 963 565 989 bildet
587 965 671 990 einen
694 964 878 991 Hexameter.
903 980 939 983 —
962 966 1014 997 fib,
1039 964 1050 991 1
1069 965 1109 992 Ut
1130 967 1189 999 qui.
1205 981 1241 983 —
1262 966 1406 994 Melodie:
1429 967 1540 994 Stans

218 1010 235 1025 a
279 1009 382 1033 (inge.

243 1210 299 1241 la.

239 1438 298 1468 2a.

239 1666 301 1698 3a.

239 1800 299 1831 4a.

239 1981 298 2012 5a.

239 2115 301 2149 6a.

239 2296 298 2330 7a.

647 1123 714 1153 307.
756 1123 797 1154 De
819 1126 926 1156 sancto
948 1124 1102 1156 Udalrico.

332 1209 499 1241 Fundatur
524 1211 555 1241 in

385 1258 544 1298 sapphiris
572 1260 716 1300 ecclesia,

335 1304 370 1335 In
397 1305 579 1336 theoreticis

384 1353 458 1384 viris
486 1353 599 1395 solida,

328 1437 430 1468 Huius
455 1438 538 1469 arcis

383 1487 620 1525 propugnacula

334 1533 383 1563 Ex
409 1533 542 1572 iaspidis
571 1535 674 1566 virore

381 1584 453 1611 sunt
480 1582 609 1621 munita;

335 1666 447 1697 Portas
474 1666 539 1697 eius
565 1668 597 1698 in
624 1668 784 1708 lapidibus

336 1712 483 1753 sculptas
509 1715 615 1753 posuit
641 1716 804 1759 Dominus,

330 1799 368 1831 In
394 1808 524 1838 quorum
551 1801 616 1832 vita

384 1848 584 1886 exprimitur,

335 1894 424 1933 Quod
453 1895 597 1928 doctrina
623 1897 782 1941 loquitur3

330 1980 380 2011 Ex
395 1981 507 2020 quibus
517 1984 645 2021 praesul
657 1984 838 2025 Udalricus,

336 2027 487 2068 Sapphiri
513 2030 636 2063 theoria
661 2033 837 2076 praeditus,

332 2113 400 2145 Nec
434 2115 531 2146 robur
565 2117 682 2148 amittit
708 2119 841 2160 iaspidis

336 2162 549 2195 Castimoniae
572 2165 712 2204 palmam

383 2211 523 2243 retinens
550 2213 682 2256 viridi53

331 2298 418 2336 Quae
440 2298 537 2338 igitur

385 2345 424 2377 de
448 2355 573 2379 sursum
592 2351 640 2379 est
656 2349 840 2391 Ierusalem,

336 2393 398 2425 Per
424 2394 515 2426 huius
541 2396 644 2435 patris

384 2442 479 2474 vitam
506 2443 706 2486 imitabilem,

930 1214 990 1248 1b.

927 1443 989 1476 2b.

927 1672 990 1706 3b.

927 1807 990 1841 4b.

926 1989 986 2022 5b.

927 2123 988 2156 61).

1020 1215 1106 1253 Quae
1133 1216 1250 1255 lapidis

1071 1263 1208 1294 colorem
1234 1264 1355 1295 aerium

1024 1311 1060 1342 In
1087 1312 1224 1342 caeleste
1248 1316 1350 1343 mutat

1072 1359 1276 1393 desiderium.

1022 1444 1084 1475 Hic
1109 1445 1141 1475 in
1168 1446 1235 1476 veri

1069 1491 1254 1524 defensioue

1024 1540 1180 1572 Doctores
1207 1541 1335 1573 interno

1071 1594 1205 1620 vernant
1233 1599 1351 1623 amore.

1023 1674 1103 1713 Quia
1134 1683 1193 1714 per
1219 1675 1276 1706 hos
1302 1675 1344 1707 ad
1372 1674 1533 1716 fastigium

1022 1722 1118 1753 Plebs
1143 1728 1297 1763 properat
1322 1724 1533 1764 credentium,

1024 1807 1164 1849 sculptis
1188 1819 1283 1850 pares
1310 1815 1384 1842 sunt

1069 1857 1232 1897 lapidibus

1022 1905 1127 1936 Variis
1155 1906 1336 1940 virtutibus

1018 1991 1070 2022 Ab
1095 1992 1174 2031 ipsis
1199 1994 1313 2033 primis
1338 1992 1470 2026 floribus

1019 2039 1188 2072 Aethereis
1213 2042 1337 2074 redolet
1364 2040 1534 2083 fructibus,

1020 2125 1091 2157 Non
1106 2127 1189 2158 enim
1203 2128 1347 2160 admittit
1355 2129 1534 2162 marcidum

1026 2174 1134 2205 Pudor
1157 2175 1190 2206 in
1215 2176 1308 2208 atriis
1335 2177 1422 2209 intus

1078 2223 1242 2255 remittens
1267 2224 1424 2259 habitum.

1020 2307 1081 2349 En,
1109 2309 1217 2341 aditur

1071 2355 1252 2396 frequentia.
1278 2358 1426 2392 fidelium

1020 2404 1098 2435 Acsi
1124 2413 1182 2444 per
1207 2410 1322 2448 portae

1068 2451 1269 2494 splendentis
1294 2455 1473 2492 introitum.
