1655 2713
704 149 965 184 —124—

195 241 256 273 4a.
290 241 315 273 Ο
343 241 479 274 dulcedo
504 248 719 284 peccatorum,

288 288 435 331 Erasme,
462 299 500 322 ac
523 292 740 332 orphanorum

338 337 395 369 Pia
422 339 615 380 consolatio;

194 433 252 464 5a.
285 432 310 464 O
337 432 480 471 Erasme,
506 443 524 465 o
550 436 725 478 praeclare,

336 480 402 510 Fac
435 490 492 512 nos
522 482 580 513 tibi
607 482 799 516 famulantes

382 532 469 559 recta
495 538 622 571 semper
647 541 772 572 sapere,

191 622 249 653 6a.
280 621 313 653 Si
340 623 403 654 sint
429 627 537 656 tantae
568 628 737 665 pravitatis

333 670 447 702 Cordis
472 672 703 715 impugnantia,

885 247 948 280 4b.
981 249 1098 281 Potens
1123 254 1258 295 martyr,
1285 262 1304 286 o
1329 254 1480 296 Erasme,

980 296 1048 328 Nos
1079 297 1218 332 defende
1243 301 1284 333 ab
1310 302 1449 336 inimicis

1028 345 1069 378 Et
1098 346 1181 379 dona
1208 349 1388 384 victoriam.

886 439 949 473 5b.
981 441 1132 474 Inimicus
1158 453 1314 484 superare

1029 490 1106 521 Post
1124 491 1207 523 hanc
1225 493 1322 525 vitam
1341 495 1373 526 in
1392 496 1496 536 gloria

1073 540 1270 579 sempiterna
1297 543 1417 579 vivere,

883 631 945 663 6b.
979 633 1091 666 Cultus
1117 639 1191 667 tuae
1217 638 1400 671 sanctitatis

1026 681 1137 714 Nostri
1163 684 1203 715 sit
1231 686 1387 719 custodia.

239 764 321 790 Miss.
351 775 402 792 ms.
426 766 636 802 Hospitalensc
666 779 740 798 saec.
765 770 808 798 15.
837 774 906 800 Cod.
934 775 1058 802 Paulan.
1080 775 1126 804 26.
1153 777 1176 804 l.
1201 777 1236 807 13
1255 780 1362 815 (Hosp.
1384 783 1490 811 memb.

161 799 197 833 6).
219 817 254 821 —
278 801 336 834 lb,
368 803 378 829 1
409 809 543 837 optamus
568 807 632 834 Dei.
656 823 691 826 —
712 807 768 842 2a,
793 810 805 837 l
830 811 961 840 thronus.
989 829 1016 832 Α
1040 816 1261 845 Vorstehendes
1283 820 1323 846 ist
1345 821 1411 847 eine
1435 821 1489 848 Er-

162 841 325 876 weiterung
353 841 404 869 det·
425 842 558 878 Sequenz
580 846 715 880 gleichen
737 848 886 885 Anfanges
908 852 937 877 in
960 853 1044 879 Annl.
1068 855 1176 889 Hymn.
1199 857 1251 884 IX.
1273 858 1324 884 ΝΥ.
1350 857 1413 885 197.

603 1033 664 1063 130.
708 1033 749 1065 De
771 1038 877 1068 sancto
899 1037 1040 1070 Erasmo.

184 1147 199 1177 1
214 1154 242 1178 a.
274 1146 380 1177 Solum
396 1149 509 1187 gaude,
525 1151 645 1182 caelum
658 1153 787 1193 plaude,

276 1193 353 1225 Dies
380 1196 470 1226 adest
499 1197 594 1236 digna
621 1199 726 1238 laude,

324 1242 392 1280 Quo
418 1243 502 1274 vehit
529 1245 569 1276 ad
597 1247 755 1286 agalmata

179 1336 237 1367 2a.
270 1336 336 1367 Ens
369 1338 408 1369 de
434 1348 555 1371 summa
581 1342 740 1375 ierarchia

275 1384 372 1416 Pater
397 1386 482 1417 misit
511 1388 550 1418 de
579 1389 684 1422 Maria

322 1431 439 1464 Filium
466 1435 498 1465 in
525 1437 662 1477 saeculo,

178 1526 197 1556 3
209 1534 236 1556 a.
269 1525 331 1557 Sed
346 1536 424 1567 prae
437 1530 545 1561 multis
554 1530 637 1562 hunc
644 1534 796 1574 respexit,

272 1573 351 1605 Nam
379 1584 437 1614 per
461 1586 575 1616 preces
602 1579 653 1610 hic
671 1581 781 1613 allexit

316 1621 395 1653 Eius
421 1624 537 1656 multas
563 1627 695 1668 animas,

174 1717 234 1750 4a.
267 1716 388 1759 Gaude,
419 1724 527 1751 coetus
553 1722 752 1766 miserorum,

268 1765 358 1804 Quod
377 1766 428 1797 hic
445 1772 539 1807 pater
564 1770 781 1810 orphanorum

317 1813 447 1845 Obtinet
472 1816 648 1850 multifaria

172 1908 230 1938 5a.
264 1907 346 1939 Vere
372 1914 495 1950 martyr
520 1914 672 1953 pretiose,

264 1955 323 1994 Qui
350 1958 507 1990 suadebat
532 1970 595 1993 non
622 1963 733 1995 dolose

318 2004 402 2036 Deos
429 2016 526 2039 vanos
551 2018 713 2050 respuere.

166 2147 225 2179 Ga.
258 2147 284 2180 Ο
311 2157 404 2188 quam
437 2150 516 2182 diris
549 2153 661 2192 poenis
686 2154 775 2187 miris

264 2196 375 2227 Polum
401 2199 530 2230 scandis
557 2204 589 2231 et
614 2202 734 2242 aquiris

309 2243 418 2277 Factis
444 2255 513 2278 cum
540 2257 603 2280 non
630 2249 751 2282 deliris.

167 2338 223 2370 7a.
256 2339 374 2373 Confer
401 2342 516 2375 victum
548 2348 580 2376 et
605 2346 755 2379 amietum

259 2387 301 2419 Et
326 2398 439 2422 amove
464 2393 576 2424 mortis
601 2393 697 2426 ictum

305 2438 334 2468 A
361 2437 452 2470 nobis
476 2439 672 2484 subitaneae,

876 1157 935 1189 lb.
967 1158 1132 1199 Erasmus,
1160 1164 1283 1195 meritis
1310 1166 1457 1204 polorum

968 1207 1118 1247 Praeses,
1146 1214 1240 1250 pater
1263 1212 1479 1251 orphanorum

1016 1255 1255 1297 viduarumque
1281 1266 1415 1294 armata.

873 1347 934 1380 2b.
965 1349 1008 1381 Ut
1034 1356 1169 1384 ovanter
1193 1355 1386 1397 consolaret,

965 1396 1196 1432 Microcosmos
1223 1402 1368 1435 visitaret

1013 1445 1138 1478 Maesto
1163 1448 1196 1480 in
1223 1451 1370 1483 articulo.

872 1537 933 1570 3b.
964 1540 1052 1578 Quae
1078 1541 1239 1582 baptismo
1265 1554 1415 1586 caruere;

961 1587 1123 1627 Baptizati
1148 1595 1224 1623 tunc
1250 1593 1369 1626 dedere

1008 1637 1146 1669 Voculas
1173 1639 1385 1674 christiferas.

865 1728 927 1760 4b.
960 1729 1062 1762 Nobis
1088 1742 1180 1772 opem
1207 1735 1393 1770 invocantes

960 1777 1002 1809 Et
1029 1779 1146 1812 obnixe
1171 1780 1353 1823 flagitantes

1008 1826 1101 1859 Vitae
1127 1833 1320 1865 necessaria.

867 1919 928 1952 5b.
959 1920 1155 1955 Diocletiani
1180 1927 1318 1959 edictum

959 1968 1093 2010 Exiens‚
1120 1972 1289 2007 Erasmuni
1317 1976 1470 2010 invictum

1006 2017 1123 2051 lubens
1166 2021 1329 2055 Christum
1372 2027 1469 2058 relin-

1238 2081 1348 2111 quere.

861 2157 922 2191 6b.
953 2159 1024 2202 Eia,
1052 2166 1151 2201 ratus,
1179 2164 1308 2198 Christo
1334 2174 1444 2208 gratus

952 2207 1111 2250 Milesque
1137 2213 1371 2254 multiplicatus

1001 2257 1064 2289 Pro
1089 2259 1181 2292 nobis
1207 2262 1356 2304 eusebiis,

857 2349 918 2386 7b.
949 2354 999 2384 Ac
1025 2355 1185 2388 caelorum
1212 2358 1253 2391 da
1279 2363 1442 2407 tutamen;

951 2399 1157 2441 Paupertatis
1184 2408 1376 2451 cruciamen,

1000 2449 1116 2492 Plagas
1142 2453 1244 2498 aufer,
1273 2462 1416 2501 protege.
