1655 2713
671 152 927 188 -199-

547 285 609 317 221.
650 286 693 317 De
714 287 827 317 sancta
848 285 1043 324 Mai-garetii.

150 386 167 419 1
183 394 212 417 a.
244 383 422 417 lubilemus
449 385 579 417 Christo
605 385 716 425 melos,
852 384 912 417 lb.
947 385 1015 416 Pax
1042 386 1073 414 et
1099 381 1184 412 salus
1211 378 1400 410 nuntiantur

247 433 469 473 Margaretam
495 433 550 473 qui
575 433 617 465 ad
644 433 749 465 caelos
949 431 1021 471 His,
1047 429 1101 470 qni
1128 429 1195 460 eius
1222 428 1417 458 venerantur

273 481 370 513 Vexit
395 485 470 521 post
503 481 683 513 victoriam.
1000 478 1167 517 condigne
1194 474 1390 507 memoriam.

153 579 214 611 2a.
246 576 346 616 Virgo
372 580 467 616 paret
491 585 585 616 quem
611 576 717 616 beata,
857 575 920 608 2b.
953 573 1094 605 Verbum
1114 571 1216 612 patris
1231 570 1313 601 hanc
1327 567 1465 607 ornavit,

252 625 335 657 Huic
361 628 409 656 est
435 624 516 655 haec
542 625 730 664 consignata
953 621 1089 661 Quando
1115 620 1168 651 hic
1194 616 1412 658 magnificavit

299 674 387 705 Ante
413 672 512 704 saecli
539 676 696 714 tempora.
1001 670 1043 701 Et
1070 669 1101 699 in
1129 667 1209 699 caeli
1237 666 1337 697 curia.

153 773 215 806 3a.
247 770 312 803 Res
339 773 386 801 est
412 769 514 809 mira,
542 777 594 800 res
620 768 766 808 insigniS,
856 766 918 799 3b.
952 765 1041 798 Caeli
1068 763 1139 796 fusa
1166 764 1256 802 virgo
1283 770 1356 793 rore

255 818 371 850 Torret
398 826 507 849 sacros
533 820 622 848 artus
646 815 729 855 ignis
952 814 1057 845 Tanto
1083 812 1226 853 gaudens
1253 811 1285 841 in
1314 809 1425 840 dolore

304 866 373 898 Nec
401 869 538 898 mentem
566 867 722 897 attenuat.
1003 860 1165 893 Christum
1197 867 1303 898 regem
1332 857 1470 888 invocat.

158 967 221 998 4a.
253 964 360 996 Radix
386 966 482 1003 pater
507 961 631 994 vitiata.
864 958 926 991 4b.
958 958 1007 989 De
1034 956 1143 988 radice
1168 960 1232 986 tam
1261 954 1391 994 spinosa

257 1012 371 1045 Proles
396 1011 486 1051 virgo
513 1010 582 1042 Deo
603 1013 707 1050 grata,
960 1005 1107 1037 Paradisi
1134 1003 1243 1043 prodit
1270 1010 1343 1033 rosa

306 1059 488 1100 Margarita
514 1058 645 1099 inclita3
1007 1053 1156 1090 Florens,
1176 1051 1305 1091 rubens,
1321 1047 1471 1080 candida.

156 1160 215 1192 5a.
247 1157 330 1190 Mira
358 1155 448 1188 floris
473 1154 693 1196 pulchritudo,
863 1151 924 1184 5b.
959 1150 1174 1182 Collaetemur
1199 1147 1274 1179 huic
1299 1145 1381 1181 flori,

253 1207 353 1245 Quam
380 1205 530 1236 honestat
555 1201 744 1242 magnitudo
960 1199 1009 1230 De
1028 1207 1090 1238 quo
1105 1196 1243 1238 gaudent
1259 1203 1368 1226 omnes
1384 1192 1471 1224 chori

301 1252 508 1294 Septiformis
534 1251 667 1292 gratiae.
1008 1245 1182 1286 virginalis
1209 1244 1340 1284 gloriae.

160 1353 220 1386 Ga.
252 1352 325 1383 Iesu
350 1350 415 1390 pie,
442 1348 599 1389 splendor
623 1346 737 1387 patris,
856 1344 919 1377 6b.
950 1343 1027 1375 Flos
1055 1346 1085 1373 et
1112 1340 1236 1373 fructus
1263 1338 1418 1380 puellaris

253 1400 460 1439 Margaretae
486 1405 544 1428 nos
571 1395 674 1427 beatis
952 1391 995 1423 Et
1023 1400 1139 1422 corona
1167 1388 1346 1429 virginalis,

304 1448 403 1487 lunge
430 1454 526 1486 prece
554 1444 685 1482 sedula·⁷
1000 1439 1073 1470 Tibi
1100 1439 1170 1470 laus
1205 1446 1263 1477 per
1289 1435 1428 1467 saecula.

128 1581 173 1611 2b
208 1543 297 1610 (lili-ad.
320 1551 373 1609 ntis.
390 1541 604 1570 Strahoviense
626 1539 697 1566 anni
720 1535 802 1564 1611.
820 1536 889 1564 Cod.
906 1535 1092 1563 Strahovien.
1109 1534 1185 1560 Mus.
1202 1532 1227 1559 Ε
1250 1530 1268 1559 9
1289 1532 1328 1560 (H
1352 1531 1364 1557 I
1380 1528 1417 1561 2).
1434 1544 1471 1548 -

176 1604 183 1617 ,
249 1591 333 1609 oram
349 1603 355 1610 .

549 1693 618 1722 222.
660 1691 702 1722 De
724 1690 835 1721 saneta
856 1688 1046 1727 Mai-garetii.

160 1798 220 1831 la.
252 1795 358 1835 Salve,
387 1800 511 1835 martyr
537 1792 687 1834 gloriosa,
857 1789 918 1822 1b.
952 1787 1003 1820 Ab
1031 1790 1160 1819 aeterno
1188 1785 1372 1817 ordinatum

253 1844 441 1884 Margareta
467 1850 633 1883 generosa,
956 1837 1031 1868 Vas.
1061 1835 1196 1875 insigne,
1224 1834 1423 1871 decoratum,

302 1892 406 1924 Verae
433 1891 507 1923 vitis
534 1889 715 1926 balsamus3
1005 1883 1172 1917 Castitatis
1199 1882 1371 1914 thalamus·

157 1993 218 2025 2a.
249 1990 356 2028 Savve,
383 1998 466 2030 agna
491 1988 561 2020 sine
587 1985 675 2027 felle,
860 1982 922 2016 2b.
953 1982 1023 2014 Nos
1049 1982 1192 2021 peccatis
1220 1978 1353 2011 involuti

253 2039 316 2071 Vas
338 2038 495 2070 imbutum
522 2034 607 2071 favo,
636 2034 740 2076 melle,
955 2030 1156 2071 Flagitamus
1181 2028 1341 2068 provoluti

300 2087 366 2120 Vas
392 2087 566 2118 immensae
592 2083 733 2124 gloriae3
1002 2079 1198 2111 Medicinam
1227 2077 1361 2117 gratiae.

156 2186 220 2219 3a.
248 2184 353 2217 Porta
371 2184 487 2222 nitens,
506 2179 663 2222 gemmnis
682 2179 780 2218 clara,
852 2176 915 2209 3b.
951 2175 1209 2208 cinnamomum
1237 2174 1397 2209 redolens,

253 2233 350 2266 Sidus
368 2228 769 2272 fulgens‚templum,ara.
954 2225 1067 2260 Sensu.
1096 2232 1185 2264 cana,
1214 2222 1277 2253 fide
1305 2221 1444 2261 pollens,

300 2280 416 2313 Hostia
439 2277 595 2320 pacifica3
1002 2273 1148 2304 Prudens
1175 2275 1207 2302 et
1233 2269 1380 2301 mirifica.

157 2381 222 2412 4a.
251 2378 356 2421 Salve,
385 2382 475 2409 terra
501 2374 633 2411 fertilis,
863 2370 926 2403 4b.
958 2369 1091 2410 Myrtus
1117 2367 1361 2407 temperantiae,

253 2427 342 2460 Odor
367 2425 487 2465 suavis,
513 2423 615 2464 utilis,
960 2418 1066 2458 Stirps
1093 2416 1307 2455 obedientiae,

302 2475 391 2509 Rosa
415 2472 594 2516 patientiae
604 2479 614 2513 ς
1008 2467 1130 2498 Turtur
1154 2464 1370 2496 innocentiae.
