1655 2713
700 156 940 192 -83-

591 297 638 329 83.
680 297 722 329 De
744 299 852 330 sancto
873 298 1049 330 Benedicta.

179 395 195 428 1
213 404 242 428 a.
273 395 468 427 Benedictus
873 398 938 432 1b.
970 399 1048 440 Regi
1074 408 1202 442 regum3

274 443 435 476 Decantat
460 444 492 475 in
518 444 615 476 caelis
643 445 745 476 laetus
969 447 1111 479 Nutricis
1138 448 1264 479 sedavit
1290 445 1392 488 fletus,

321 492 464 524 Alleluia
1014 495 1078 527 Res
1104 496 1261 535 miranda,

177 589 196 620 2
213 598 241 620 a.
274 587 384 619 Fracti
411 588 578 628 capisterii
872 592 891 623 2
908 590 937 621 b.
970 591 1013 622 Et
1039 591 1130 622 liuius
1157 592 1303 632 mysterii

320 637 485 677 Reparato
512 635 669 676 fragmine
1014 639 1244 671 Monachorum
1271 640 1384 672 ordine

368 685 468 717 Prece
494 683 576 727 fusa,
1061 687 1125 718 Res
1151 688 1284 720 inclusa.

178 781 197 813 3
213 790 240 812 a.
274 780 364 812 Sicut
391 780 596 820 capisterium
867 783 887 814 3
903 781 933 815 b.
965 782 1133 822 Expurgat
1158 783 1279 822 religio,

274 828 395 869 Purgat
421 827 517 859 farris
544 829 666 868 vitium,
963 830 1050 868 Quae
1076 828 1238 862 mundano
1266 832 1342 863 vitio

321 876 395 908 Pari
422 875 526 907 forma
1010 877 1090 909 Sunt
1117 884 1279 918 corrupta.

171 974 234 1006 4a.
267 972 441 1004 Suscitavit
467 975 608 1003 mortuos
670 994 673 1001 1
863 973 928 1007 4b.
960 973 1065 1004 Eiecit
1093 974 1270 1013 daemonia,

268 1020 311 1052 Et
338 1020 463 1051 curavit
487 1020 655 1060 languidos
963 1021 1024 1052 Per
1051 1021 1133 1052 hunc
1160 1023 1345 1061 elephantia

317 1068 406 1099 Valle
434 1072 561 1107 nostra3
1008 1068 1058 1100 Fit
1087 1075 1285 1110 consumpta.

171 1166 233 1196 5a.
267 1163 386 1195 Noster
413 1163 528 1195 chorus
556 1164 705 1204 concinit,
862 1166 881 1197 5
898 1164 927 1197 b.
960 1165 993 1197 Si
1021 1174 1081 1196 non
1109 1167 1228 1197 uostris
1255 1167 1412 1205 cantibuS,

266 1212 413 1243 Ecclesia
439 1212 592 1253 meminit,
960 1213 1079 1244 Credat
1107 1214 1156 1245 vel
1184 1214 1348 1246 codicibus

268 1260 335 1291 Nec
362 1269 450 1291 mens
478 1270 577 1299 prava
605 1261 722 1292 desinit
959 1261 1107 1301 Gregorii
1135 1263 1282 1302 pluribus

314 1308 394 1339 Esse
421 1317 534 1347 cacca3
1006 1310 1096 1341 Haec
1121 1311 1300 1350 praedicta.

169 1408 231 1438 6a.
263 1405 288 1437 Ο
316 1409 420 1444 pater,
446 1414 598 1447 propera,
863 1408 881 1437 b·
898 1405 928 1439 b.
961 1406 1140 1437 Removcns
1166 1407 1288 1439 scelera

264 1452 395 1484 Fideles
422 1453 534 1492 libera,
958 1454 1009 1486 Da
1035 1455 1118 1485 vitae
1146 1464 1287 1497 munera,

314 1500 362 1532 Ne
389 1501 431 1532 sit
456 1501 489 1532 in
515 1499 628 1532 inferis
1004 1502 1029 1534 Ο
1058 1503 1141 1541 regis
1167 1504 1306 1534 aetheris

360 1548 447 1580 Gens
475 1549 607 1589 misera;
1054 1551 1228 1590 Puerpera.

218 1644 300 1671 Miss.
331 1643 359 1670 S
382 1644 504 1670 Martini
525 1643 648 1670 Maioris
669 1643 844 1671 Mouasterii
873 1645 941 1679 imp.
963 1645 1036 1671 Tui(
1036 1645 1133 1671 nibus
1164 1643 1245 1673 1503.
1270 1646 1304 1672 A
1327 1661 1363 1665 —
1384 1648 1457 1674 Miss
1446 1660 1467 1674 .

139 1683 308 1710 Parisiense
340 1683 408 1718 imp
442 1683 566 1709 Parisiis
602 1680 682 1709 1585.
714 1683 747 1709 Β
780 1698 816 1702 -
847 1681 910 1714 2b,
944 1681 957 1710 l
987 1683 1043 1710 Est
1070 1685 1101 1710 B
1129 1698 1167 1703 —
1194 1683 1256 1716 212,
1287 1683 1304 1711 2
1336 1695 1378 1721 sq.
1409 1687 1466 1714 Res

136 1718 655 1787 ΞὲιὲὶιὲεΒῐῃίῑᾶοιιὶἱειΟοηῇτωεῒε.
689 1722 722 1748 Β.
759 1736 794 1740 -
828 1720 875 1749 5a
932 1721 944 1749 1
982 1723 1089 1749 cecinit
1125 1723 1157 1749 B.
1195 1737 1231 1741 —
1267 1722 1328 1756 6³
1371 1723 1388 1751 3
1424 1726 1465 1751 in

537 1881 585 1913 84.
629 1883 670 1913 De
691 1884 800 1914 sancto
822 1883 1050 1915 Bernhardino.

315 1984 331 2016 1
350 1993 379 2018 a.
411 1983 538 2016 Christe
565 1983 648 2023 Iesu,
676 1983 823 2023 Domine,
851 1993 960 2025 regum
989 1995 1055 2026 rex,
1084 1996 1102 2017 ο
1130 1986 1216 2018 Deus
1243 1987 1336 2028 alme,

456 2031 559 2064 Natus
585 2031 626 2064 ab
651 2037 783 2065 aeterno
810 2033 850 2065 de
877 2034 997 2066 deitate
1024 2034 1135 2077 patris,

311 2129 328 2161 1
345 2127 378 2163 b.
408 2129 506 2168 Quem
533 2129 643 2169 genuit
670 2130 783 2162 merito
809 2139 902 2162 sacro
929 2130 987 2162 sub
1014 2134 1159 2171 tempore
1186 2132 1294 2172 virg0;

455 2176 508 2209 Sic
531 2177 661 2210 verbum
686 2187 761 2210 caro
786 2177 823 2210 fit
848 2177 977 2210 flamine
1003 2178 1100 2211 flante
1126 2189 1228 2212 sacro.

308 2275 372 2307 2a.
405 2273 545 2306 Crimine
572 2274 759 2306 damnosum
786 2274 874 2306 venit
899 2276 955 2318 qui
981 2276 1106 2307 solvere
1134 2277 1297 2316 mnndum,

451 2322 612 2363 Sanguine
639 2332 707 2355 cum
736 2323 869 2364 proprio
895 2324 1019 2363 plasma
1046 2324 1156 2355 lavare
1182 2334 1286 2364 suum,

306 2419 373 2454 2b.
405 2419 468 2452 Hie
494 2419 601 2452 varios
627 2428 736 2452 serere
762 2419 876 2452 missos
902 2420 1050 2460 promisit
1075 2420 1107 2451 in
1133 2430 1255 2463 agrum,

450 2468 572 2501 Nuntia
598 2469 652 2509 qui
679 2466 803 2500 ferrent
827 2468 882 2500 illa
911 2478 970 2509 per
995 2477 1088 2500 omne
1113 2469 1226 2502 solum.

1246 2525 1286 2553 6*
