<?xml version="1.0" encoding="UTF-8"?>
<!DOCTYPE html PUBLIC "-//W3C//DTD XHTML 1.0 Transitional//EN"
    "http://www.w3.org/TR/xhtml1/DTD/xhtml1-transitional.dtd">
<html xmlns="http://www.w3.org/1999/xhtml" xml:lang="en" lang="en">
 <head>
  <title>
</title>
<meta http-equiv="Content-Type" content="text/html;charset=utf-8" />
  <meta name='ocr-system' content='tesseract 3.04.00' />
  <meta name='ocr-capabilities' content='ocr_page ocr_carea ocr_par ocr_line ocrx_word'/>
</head>
<body>
  <div class='ocr_page' id='page_1' title='image "./analectahymnica44drevuoft_0319.png"; bbox 0 0 1655 2713; ppageno 0'>
   <div class='ocr_carea' id='block_1_1' title="bbox 750 168 1012 203">
    <p class='ocr_par' dir='ltr' id='par_1_1' title="bbox 750 168 1012 203">
     <span class='ocr_line' id='line_1_1' title="bbox 750 168 1012 203; baseline 0.008 -2"><span class='ocrx_word' id='word_1_1' title='bbox 750 168 1012 203; x_wconf 86' lang='lat'>—314—</span> 
     </span>
    </p>
   </div>
   <div class='ocr_carea' id='block_1_2' title="bbox 303 267 642 306">
    <p class='ocr_par' dir='ltr' id='par_1_2' title="bbox 303 267 642 306">
     <span class='ocr_line' id='line_1_2' title="bbox 303 267 642 306; baseline -0.003 -8"><span class='ocrx_word' id='word_1_2' title='bbox 303 293 308 298; x_wconf 95' lang='lat'>.</span> <span class='ocrx_word' id='word_1_3' title='bbox 340 267 388 298; x_wconf 92' lang='lat' dir='ltr'>Tu</span> <span class='ocrx_word' id='word_1_4' title='bbox 414 267 496 299; x_wconf 86' lang='lat' dir='ltr'>vitro</span> <span class='ocrx_word' id='word_1_5' title='bbox 522 268 642 306; x_wconf 71' lang='lat' dir='ltr'>purior,</span> 
     </span>
    </p>
   </div>
   <div class='ocr_carea' id='block_1_3' title="bbox 343 315 626 355">
    <p class='ocr_par' dir='ltr' id='par_1_3' title="bbox 343 315 626 355">
     <span class='ocr_line' id='line_1_3' title="bbox 343 315 626 355; baseline -0.004 -9"><span class='ocrx_word' id='word_1_6' title='bbox 343 315 424 346; x_wconf 79' lang='lat' dir='ltr'>Nive</span> <span class='ocrx_word' id='word_1_7' title='bbox 450 315 626 355; x_wconf 80' lang='lat' dir='ltr'>candidior,</span> 
     </span>
    </p>
   </div>
   <div class='ocr_carea' id='block_1_4' title="bbox 300 404 796 437">
    <p class='ocr_par' dir='ltr' id='par_1_4' title="bbox 300 404 796 437">
     <span class='ocr_line' id='line_1_4' title="bbox 300 404 796 437; baseline -0.006 0"><span class='ocrx_word' id='word_1_8' title='bbox 300 431 307 437; x_wconf 93' lang='lat'>.</span> <span class='ocrx_word' id='word_1_9' title='bbox 340 406 420 437; x_wconf 86' lang='lat' dir='ltr'>Dum</span> <span class='ocrx_word' id='word_1_10' title='bbox 446 414 559 436; x_wconf 81' lang='lat' dir='ltr'>aurora</span> <span class='ocrx_word' id='word_1_11' title='bbox 586 404 677 435; x_wconf 80' lang='lat' dir='ltr'>tinem</span> <span class='ocrx_word' id='word_1_12' title='bbox 707 404 796 435; x_wconf 87' lang='lat' dir='ltr'>daret</span> 
     </span>
    </p>
   </div>
   <div class='ocr_carea' id='block_1_5' title="bbox 343 453 778 493">
    <p class='ocr_par' dir='ltr' id='par_1_5' title="bbox 343 453 778 493">
     <span class='ocr_line' id='line_1_5' title="bbox 343 453 778 493; baseline -0.005 -9"><span class='ocrx_word' id='word_1_13' title='bbox 343 454 484 492; x_wconf 79' lang='lat' dir='ltr'>Depulsa</span> <span class='ocrx_word' id='word_1_14' title='bbox 511 453 644 492; x_wconf 76' lang='lat' dir='ltr'>caligine</span> <span class='ocrx_word' id='word_1_15' title='bbox 668 453 778 493; x_wconf 81' lang='lat' dir='ltr'>noctis,</span> 
     </span>
    </p>
   </div>
   <div class='ocr_carea' id='block_1_6' title="bbox 302 543 699 582">
    <p class='ocr_par' dir='ltr' id='par_1_6' title="bbox 302 543 699 582">
     <span class='ocr_line' id='line_1_6' title="bbox 302 543 699 582; baseline -0.005 -7"><span class='ocrx_word' id='word_1_16' title='bbox 302 569 308 575; x_wconf 94' lang='lat'>.</span> <span class='ocrx_word' id='word_1_17' title='bbox 340 544 495 582; x_wconf 80' lang='lat' dir='ltr'>Operibus</span> <span class='ocrx_word' id='word_1_18' title='bbox 522 543 699 574; x_wconf 75' lang='lat' dir='ltr'>tenebrosis</span> 
     </span>
    </p>
   </div>
   <div class='ocr_carea' id='block_1_7' title="bbox 340 591 768 680">
    <p class='ocr_par' dir='ltr' id='par_1_7' title="bbox 340 591 768 680">
     <span class='ocr_line' id='line_1_7' title="bbox 340 591 768 630; baseline -0.002 -8"><span class='ocrx_word' id='word_1_19' title='bbox 340 591 425 630; x_wconf 90' lang='lat' dir='ltr'>Opus</span> <span class='ocrx_word' id='word_1_20' title='bbox 452 592 601 622; x_wconf 80' lang='lat' dir='ltr'>succedat</span> <span class='ocrx_word' id='word_1_21' title='bbox 631 591 768 630; x_wconf 68' lang='lat' dir='ltr'>virtutis,</span> 
     </span>
     <span class='ocr_line' id='line_1_8' title="bbox 388 639 757 680; baseline 0.005 -12"><span class='ocrx_word' id='word_1_22' title='bbox 388 639 479 669; x_wconf 87' lang='lat' dir='ltr'>Peius</span> <span class='ocrx_word' id='word_1_23' title='bbox 508 639 598 670; x_wconf 83' lang='lat' dir='ltr'>cedat</span> <span class='ocrx_word' id='word_1_24' title='bbox 627 639 757 680; x_wconf 88' lang='lat' dir='ltr'>optimo,</span> 
     </span>
    </p>
   </div>
   <div class='ocr_carea' id='block_1_8' title="bbox 912 264 1350 304">
    <p class='ocr_par' dir='ltr' id='par_1_8' title="bbox 912 264 1350 304">
     <span class='ocr_line' id='line_1_9' title="bbox 912 264 1350 304; baseline -0.002 -7"><span class='ocrx_word' id='word_1_25' title='bbox 912 265 956 298; x_wconf 88' lang='grc'>20</span> <span class='ocrx_word' id='word_1_26' title='bbox 967 264 998 297; x_wconf 93' lang='lat' dir='ltr'>b.</span> <span class='ocrx_word' id='word_1_27' title='bbox 1030 264 1122 296; x_wconf 86' lang='lat' dir='ltr'>Luna</span> <span class='ocrx_word' id='word_1_28' title='bbox 1147 264 1350 304; x_wconf 81' lang='lat' dir='ltr'>splendidior</span> 
     </span>
    </p>
   </div>
   <div class='ocr_carea' id='block_1_9' title="bbox 1029 312 1318 345">
    <p class='ocr_par' dir='ltr' id='par_1_9' title="bbox 1029 312 1318 345">
     <span class='ocr_line' id='line_1_10' title="bbox 1029 312 1318 345; baseline 0.007 -2"><span class='ocrx_word' id='word_1_29' title='bbox 1029 312 1072 343; x_wconf 86' lang='lat' dir='ltr'>Et</span> <span class='ocrx_word' id='word_1_30' title='bbox 1098 312 1164 343; x_wconf 90' lang='lat' dir='ltr'>sole</span> <span class='ocrx_word' id='word_1_31' title='bbox 1191 313 1318 345; x_wconf 86' lang='lat' dir='ltr'>clarior.</span> 
     </span>
    </p>
   </div>
   <div class='ocr_carea' id='block_1_10' title="bbox 907 402 1458 441">
    <p class='ocr_par' dir='ltr' id='par_1_10' title="bbox 907 402 1458 441">
     <span class='ocr_line' id='line_1_11' title="bbox 907 402 1458 441; baseline -0.002 -5"><span class='ocrx_word' id='word_1_32' title='bbox 907 404 947 436; x_wconf 92' lang='lat'>21</span> <span class='ocrx_word' id='word_1_33' title='bbox 963 403 994 436; x_wconf 90' lang='lat' dir='ltr'>b.</span> <span class='ocrx_word' id='word_1_34' title='bbox 1028 402 1082 435; x_wconf 88' lang='lat' dir='ltr'>Sic</span> <span class='ocrx_word' id='word_1_35' title='bbox 1107 402 1211 436; x_wconf 81' lang='lat' dir='ltr'>fatur:</span> <span class='ocrx_word' id='word_1_36' title='bbox 1238 403 1309 441; x_wconf 86' lang='lat' dir='ltr'>Eia,</span> <span class='ocrx_word' id='word_1_37' title='bbox 1338 404 1458 435; x_wconf 86' lang='lat' dir='ltr'>milites</span> 
     </span>
    </p>
   </div>
   <div class='ocr_carea' id='block_1_11' title="bbox 1028 451 1543 489">
    <p class='ocr_par' dir='ltr' id='par_1_11' title="bbox 1028 451 1543 489">
     <span class='ocr_line' id='line_1_12' title="bbox 1028 451 1543 489; baseline 0.002 -6"><span class='ocrx_word' id='word_1_38' title='bbox 1028 451 1158 489; x_wconf 72' lang='lat' dir='ltr'>Christi,</span> <span class='ocrx_word' id='word_1_39' title='bbox 1189 461 1279 483; x_wconf 83' lang='lat' dir='ltr'>arma</span> <span class='ocrx_word' id='word_1_40' title='bbox 1303 452 1419 484; x_wconf 88' lang='lat' dir='ltr'>sumite</span> <span class='ocrx_word' id='word_1_41' title='bbox 1447 452 1543 484; x_wconf 88' lang='lat' dir='ltr'>lucis.</span> 
     </span>
    </p>
   </div>
   <div class='ocr_carea' id='block_1_12' title="bbox 908 541 1335 585">
    <p class='ocr_par' dir='ltr' id='par_1_12' title="bbox 908 541 1335 585">
     <span class='ocr_line' id='line_1_13' title="bbox 908 541 1335 585; baseline 0 -11"><span class='ocrx_word' id='word_1_42' title='bbox 908 543 951 575; x_wconf 86' lang='lat'>22</span> <span class='ocrx_word' id='word_1_43' title='bbox 962 542 993 576; x_wconf 89' lang='lat' dir='ltr'>b.</span> <span class='ocrx_word' id='word_1_44' title='bbox 1025 542 1140 574; x_wconf 84' lang='lat' dir='ltr'>Testea</span> <span class='ocrx_word' id='word_1_45' title='bbox 1169 541 1335 585; x_wconf 88' lang='lat' dir='ltr'>conficere,</span> 
     </span>
    </p>
   </div>
   <div class='ocr_carea' id='block_1_13' title="bbox 1026 591 1428 678">
    <p class='ocr_par' dir='ltr' id='par_1_13' title="bbox 1026 591 1428 678">
     <span class='ocr_line' id='line_1_14' title="bbox 1026 591 1304 630; baseline 0.004 -9"><span class='ocrx_word' id='word_1_46' title='bbox 1026 592 1134 622; x_wconf 79' lang='lat' dir='ltr'>Aurea</span> <span class='ocrx_word' id='word_1_47' title='bbox 1159 591 1304 630; x_wconf 83' lang='lat' dir='ltr'>recipere</span> 
     </span>
     <span class='ocr_line' id='line_1_15' title="bbox 1077 639 1428 678; baseline 0.009 -9"><span class='ocrx_word' id='word_1_48' title='bbox 1077 639 1252 670; x_wconf 87' lang='lat' dir='ltr'>Pretiosius</span> <span class='ocrx_word' id='word_1_49' title='bbox 1278 639 1428 678; x_wconf 88' lang='lat' dir='ltr'>pessimo.</span> 
     </span>
    </p>
   </div>
   <div class='ocr_carea' id='block_1_14' title="bbox 906 728 1464 864">
    <p class='ocr_par' dir='ltr' id='par_1_14' title="bbox 906 728 1464 864">
     <span class='ocr_line' id='line_1_16' title="bbox 906 728 1464 771; baseline 0.002 -11"><span class='ocrx_word' id='word_1_50' title='bbox 906 729 949 760; x_wconf 80' lang='lat'>23</span> <span class='ocrx_word' id='word_1_51' title='bbox 962 728 992 762; x_wconf 93' lang='lat' dir='ltr'>b.</span> <span class='ocrx_word' id='word_1_52' title='bbox 1024 728 1095 760; x_wconf 84' lang='lat' dir='ltr'>Non</span> <span class='ocrx_word' id='word_1_53' title='bbox 1121 729 1268 761; x_wconf 85' lang='lat' dir='ltr'>iuventus</span> <span class='ocrx_word' id='word_1_54' title='bbox 1295 730 1464 771; x_wconf 86' lang='lat' dir='ltr'>amittitur,</span> 
     </span>
     <span class='ocr_line' id='line_1_17' title="bbox 1026 776 1440 818; baseline 0.002 -10"><span class='ocrx_word' id='word_1_55' title='bbox 1026 776 1089 808; x_wconf 89' lang='lat' dir='ltr'>Sed</span> <span class='ocrx_word' id='word_1_56' title='bbox 1115 777 1232 809; x_wconf 81' lang='lat' dir='ltr'>amissa</span> <span class='ocrx_word' id='word_1_57' title='bbox 1258 778 1440 818; x_wconf 90' lang='lat' dir='ltr'>reperitur;</span> 
     </span>
     <span class='ocr_line' id='line_1_18' title="bbox 1074 826 1398 864; baseline 0.003 -8"><span class='ocrx_word' id='word_1_58' title='bbox 1074 826 1240 864; x_wconf 83' lang='lat' dir='ltr'>Appetere</span> <span class='ocrx_word' id='word_1_59' title='bbox 1265 829 1398 857; x_wconf 86' lang='lat' dir='ltr'>mortem</span> 
     </span>
    </p>
   </div>
   <div class='ocr_carea' id='block_1_15' title="bbox 221 727 683 855">
    <p class='ocr_par' dir='ltr' id='par_1_15' title="bbox 221 727 683 855">
     <span class='ocr_line' id='line_1_19' title="bbox 221 727 638 760; baseline 0 0"><span class='ocrx_word' id='word_1_60' title='bbox 221 729 263 760; x_wconf 77' lang='lat'>23</span> <span class='ocrx_word' id='word_1_61' title='bbox 275 737 302 760; x_wconf 87' lang='lat' dir='ltr'>a.</span> <span class='ocrx_word' id='word_1_62' title='bbox 335 728 359 760; x_wconf 95' lang='lat' dir='ltr'>O</span> <span class='ocrx_word' id='word_1_63' title='bbox 383 727 440 759; x_wconf 87' lang='lat' dir='ltr'>flos</span> <span class='ocrx_word' id='word_1_64' title='bbox 467 729 638 760; x_wconf 86' lang='lat' dir='ltr'>iuventutis</span> 
     </span>
     <span class='ocr_line' id='line_1_20' title="bbox 337 776 648 814; baseline 0.006 -8"><span class='ocrx_word' id='word_1_65' title='bbox 337 776 378 807; x_wconf 88' lang='lat' dir='ltr'>Et</span> <span class='ocrx_word' id='word_1_66' title='bbox 405 785 484 814; x_wconf 87' lang='lat' dir='ltr'>opus</span> <span class='ocrx_word' id='word_1_67' title='bbox 511 777 648 811; x_wconf 82' lang='lat' dir='ltr'>virtutis,</span> 
     </span>
     <span class='ocr_line' id='line_1_21' title="bbox 384 824 683 855; baseline 0 -1"><span class='ocrx_word' id='word_1_68' title='bbox 384 824 541 855; x_wconf 82' lang='lat' dir='ltr'>Amittere</span> <span class='ocrx_word' id='word_1_69' title='bbox 570 825 683 855; x_wconf 83' lang='lat' dir='ltr'>vitam!</span> 
     </span>
    </p>
   </div>
   <div class='ocr_carea' id='block_1_16' title="bbox 907 915 1437 1099">
    <p class='ocr_par' dir='ltr' id='par_1_16' title="bbox 907 915 1398 1050">
     <span class='ocr_line' id='line_1_22' title="bbox 907 915 1385 948; baseline 0.002 -1"><span class='ocrx_word' id='word_1_70' title='bbox 907 916 950 947; x_wconf 89' lang='lat'>24</span> <span class='ocrx_word' id='word_1_71' title='bbox 963 915 994 947; x_wconf 89' lang='lat' dir='ltr'>b.</span> <span class='ocrx_word' id='word_1_72' title='bbox 1027 916 1074 947; x_wconf 91' lang='lat' dir='ltr'>Tu</span> <span class='ocrx_word' id='word_1_73' title='bbox 1101 916 1212 947; x_wconf 85' lang='lat' dir='ltr'>mortis</span> <span class='ocrx_word' id='word_1_74' title='bbox 1239 917 1385 948; x_wconf 85' lang='lat' dir='ltr'>minister</span> 
     </span>
     <span class='ocr_line' id='line_1_23' title="bbox 1024 963 1398 1004; baseline 0.005 -10"><span class='ocrx_word' id='word_1_75' title='bbox 1024 963 1066 994; x_wconf 82' lang='lat' dir='ltr'>Et</span> <span class='ocrx_word' id='word_1_76' title='bbox 1093 974 1152 995; x_wconf 91' lang='lat' dir='ltr'>non</span> <span class='ocrx_word' id='word_1_77' title='bbox 1182 964 1265 995; x_wconf 87' lang='lat' dir='ltr'>vitae</span> <span class='ocrx_word' id='word_1_78' title='bbox 1293 965 1398 1004; x_wconf 84' lang='lat' dir='ltr'>dator,</span> 
     </span>
     <span class='ocr_line' id='line_1_24' title="bbox 1027 1011 1247 1050; baseline 0.005 -9"><span class='ocrx_word' id='word_1_79' title='bbox 1027 1011 1129 1042; x_wconf 86' lang='lat' dir='ltr'>Vitam</span> <span class='ocrx_word' id='word_1_80' title='bbox 1157 1017 1247 1050; x_wconf 82' lang='lat' dir='ltr'>potes</span> 
     </span>
    </p>

    <p class='ocr_par' dir='ltr' id='par_1_17' title="bbox 1071 1058 1437 1099">
     <span class='ocr_line' id='line_1_25' title="bbox 1071 1058 1437 1099; baseline 0.005 -10"><span class='ocrx_word' id='word_1_81' title='bbox 1071 1058 1198 1090; x_wconf 83' lang='lat' dir='ltr'>auferre</span> <span class='ocrx_word' id='word_1_82' title='bbox 1225 1064 1437 1099; x_wconf 81' lang='lat' dir='ltr'>praesentem.</span> 
     </span>
    </p>
   </div>
   <div class='ocr_carea' id='block_1_17' title="bbox 222 915 748 1089">
    <p class='ocr_par' dir='ltr' id='par_1_18' title="bbox 222 915 748 1089">
     <span class='ocr_line' id='line_1_26' title="bbox 222 915 656 955; baseline -0.002 -9"><span class='ocrx_word' id='word_1_83' title='bbox 222 915 265 946; x_wconf 87' lang='lat'>24</span> <span class='ocrx_word' id='word_1_84' title='bbox 276 923 304 947; x_wconf 94' lang='grc'>3.</span> <span class='ocrx_word' id='word_1_85' title='bbox 339 915 441 945; x_wconf 73' lang='lat' dir='ltr'>Vitam</span> <span class='ocrx_word' id='word_1_86' title='bbox 468 915 656 955; x_wconf 78' lang='lat' dir='ltr'>viventibus,</span> 
     </span>
     <span class='ocr_line' id='line_1_27' title="bbox 338 962 702 1001; baseline 0.003 -8"><span class='ocrx_word' id='word_1_87' title='bbox 338 962 409 993; x_wconf 72' lang='lat' dir='ltr'>Xon</span> <span class='ocrx_word' id='word_1_88' title='bbox 439 962 531 993; x_wconf 81' lang='lat' dir='ltr'>vitam</span> <span class='ocrx_word' id='word_1_89' title='bbox 559 963 702 1001; x_wconf 77' lang='lat' dir='ltr'>mortuis,</span> 
     </span>
     <span class='ocr_line' id='line_1_28' title="bbox 340 1009 721 1042; baseline -0.003 -1"><span class='ocrx_word' id='word_1_90' title='bbox 340 1009 401 1041; x_wconf 77' lang='lat' dir='ltr'>Sed</span> <span class='ocrx_word' id='word_1_91' title='bbox 429 1015 560 1040; x_wconf 77' lang='lat' dir='ltr'>mortem</span> <span class='ocrx_word' id='word_1_92' title='bbox 589 1011 721 1042; x_wconf 82' lang='lat' dir='ltr'>mortuis</span> 
     </span>
     <span class='ocr_line' id='line_1_29' title="bbox 386 1059 748 1089; baseline 0.003 -2"><span class='ocrx_word' id='word_1_93' title='bbox 386 1062 553 1088; x_wconf 77' lang='lat' dir='ltr'>commutat</span> <span class='ocrx_word' id='word_1_94' title='bbox 582 1059 612 1088; x_wconf 83' lang='lat' dir='ltr'>in</span> <span class='ocrx_word' id='word_1_95' title='bbox 642 1059 748 1089; x_wconf 85' lang='lat' dir='ltr'>vitam.</span> 
     </span>
    </p>
   </div>
   <div class='ocr_carea' id='block_1_18' title="bbox 907 1148 1410 1278">
    <p class='ocr_par' dir='ltr' id='par_1_19' title="bbox 907 1148 1410 1278">
     <span class='ocr_line' id='line_1_30' title="bbox 907 1148 1339 1182; baseline 0.005 -2"><span class='ocrx_word' id='word_1_96' title='bbox 907 1150 948 1180; x_wconf 82' lang='lat'>25</span> <span class='ocrx_word' id='word_1_97' title='bbox 962 1148 992 1180; x_wconf 91' lang='lat' dir='ltr'>b.</span> <span class='ocrx_word' id='word_1_98' title='bbox 1023 1149 1081 1180; x_wconf 90' lang='lat' dir='ltr'>Est</span> <span class='ocrx_word' id='word_1_99' title='bbox 1110 1150 1186 1181; x_wconf 83' lang='lat' dir='ltr'>mihi</span> <span class='ocrx_word' id='word_1_100' title='bbox 1211 1151 1339 1182; x_wconf 80' lang='lat' dir='ltr'>miseria</span> 
     </span>
     <span class='ocr_line' id='line_1_31' title="bbox 1026 1196 1397 1237; baseline 0.008 -11"><span class='ocrx_word' id='word_1_101' title='bbox 1026 1196 1068 1227; x_wconf 81' lang='lat' dir='ltr'>Et</span> <span class='ocrx_word' id='word_1_102' title='bbox 1093 1206 1205 1237; x_wconf 83' lang='lat' dir='ltr'>magna</span> <span class='ocrx_word' id='word_1_103' title='bbox 1233 1198 1397 1229; x_wconf 75' lang='lat' dir='ltr'>calamitas</span> 
     </span>
     <span class='ocr_line' id='line_1_32' title="bbox 1074 1245 1410 1278; baseline 0.006 -3"><span class='ocrx_word' id='word_1_104' title='bbox 1074 1245 1187 1276; x_wconf 80' lang='lat' dir='ltr'>Vivere</span> <span class='ocrx_word' id='word_1_105' title='bbox 1214 1246 1245 1276; x_wconf 88' lang='lat' dir='ltr'>in</span> <span class='ocrx_word' id='word_1_106' title='bbox 1274 1246 1410 1278; x_wconf 77' lang='lat' dir='ltr'>saeculo.</span> 
     </span>
    </p>
   </div>
   <div class='ocr_carea' id='block_1_19' title="bbox 220 1147 779 1285">
    <p class='ocr_par' dir='ltr' id='par_1_20' title="bbox 220 1147 779 1285">
     <span class='ocr_line' id='line_1_33' title="bbox 220 1147 655 1180; baseline 0 -2"><span class='ocrx_word' id='word_1_107' title='bbox 220 1148 261 1178; x_wconf 83' lang='lat'>25</span> <span class='ocrx_word' id='word_1_108' title='bbox 274 1156 302 1180; x_wconf 84' lang='lat' dir='ltr'>a.</span> <span class='ocrx_word' id='word_1_109' title='bbox 334 1147 390 1178; x_wconf 89' lang='lat' dir='ltr'>Est</span> <span class='ocrx_word' id='word_1_110' title='bbox 417 1148 491 1177; x_wconf 90' lang='lat' dir='ltr'>mihi</span> <span class='ocrx_word' id='word_1_111' title='bbox 520 1147 655 1179; x_wconf 79' lang='lat' dir='ltr'>felicitas</span> 
     </span>
     <span class='ocr_line' id='line_1_34' title="bbox 336 1194 738 1226; baseline 0.005 -2"><span class='ocrx_word' id='word_1_112' title='bbox 336 1194 377 1225; x_wconf 88' lang='lat' dir='ltr'>Et</span> <span class='ocrx_word' id='word_1_113' title='bbox 404 1201 531 1225; x_wconf 70' lang='lat' dir='ltr'>aeterna</span> <span class='ocrx_word' id='word_1_114' title='bbox 558 1196 738 1226; x_wconf 81' lang='lat' dir='ltr'>iucunditas</span> 
     </span>
     <span class='ocr_line' id='line_1_35' title="bbox 384 1242 779 1285; baseline 0.01 -15"><span class='ocrx_word' id='word_1_115' title='bbox 384 1242 485 1273; x_wconf 69' lang='lat' dir='ltr'>Vitam</span> <span class='ocrx_word' id='word_1_116' title='bbox 513 1243 627 1273; x_wconf 82' lang='lat' dir='ltr'>offerre</span> <span class='ocrx_word' id='word_1_117' title='bbox 653 1243 779 1285; x_wconf 74' lang='lat' dir='ltr'>iugu103</span> 
     </span>
    </p>
   </div>
   <div class='ocr_carea' id='block_1_20' title="bbox 218 1332 1469 1470">
    <p class='ocr_par' dir='ltr' id='par_1_21' title="bbox 218 1332 1469 1470">
     <span class='ocr_line' id='line_1_36' title="bbox 218 1332 1420 1375; baseline 0.005 -13"><span class='ocrx_word' id='word_1_118' title='bbox 218 1333 261 1364; x_wconf 75' lang='lat'>26</span> <span class='ocrx_word' id='word_1_119' title='bbox 274 1341 301 1365; x_wconf 88' lang='lat' dir='ltr'>a.</span> <span class='ocrx_word' id='word_1_120' title='bbox 334 1332 385 1363; x_wconf 84' lang='lat' dir='ltr'>Sic</span> <span class='ocrx_word' id='word_1_121' title='bbox 412 1336 464 1363; x_wconf 85' lang='lat' dir='ltr'>tua</span> <span class='ocrx_word' id='word_1_122' title='bbox 490 1338 640 1371; x_wconf 75' lang='lat' dir='ltr'>potestas,</span> <span class='ocrx_word' id='word_1_123' title='bbox 904 1335 947 1366; x_wconf 85' lang='lat'>26</span> <span class='ocrx_word' id='word_1_124' title='bbox 958 1334 989 1367; x_wconf 91' lang='lat' dir='ltr'>b.</span> <span class='ocrx_word' id='word_1_125' title='bbox 1020 1334 1053 1366; x_wconf 90' lang='lat' dir='ltr'>Si</span> <span class='ocrx_word' id='word_1_126' title='bbox 1079 1340 1238 1375; x_wconf 81' lang='lat' dir='ltr'>pungatur</span> <span class='ocrx_word' id='word_1_127' title='bbox 1264 1340 1335 1368; x_wconf 88' lang='lat' dir='ltr'>uter</span> <span class='ocrx_word' id='word_1_128' title='bbox 1361 1346 1420 1368; x_wconf 83' lang='lat' dir='ltr'>acu</span> 
     </span>
     <span class='ocr_line' id='line_1_37' title="bbox 337 1379 1469 1427; baseline 0.006 -18"><span class='ocrx_word' id='word_1_129' title='bbox 337 1379 445 1410; x_wconf 67' lang='lat' dir='ltr'>Virtus</span> <span class='ocrx_word' id='word_1_130' title='bbox 471 1387 499 1410; x_wconf 84' lang='lat' dir='ltr'>et</span> <span class='ocrx_word' id='word_1_131' title='bbox 528 1382 676 1411; x_wconf 77' lang='lat' dir='ltr'>maiestas</span> <span class='ocrx_word' id='word_1_132' title='bbox 1021 1383 1062 1413; x_wconf 82' lang='lat' dir='ltr'>Et</span> <span class='ocrx_word' id='word_1_133' title='bbox 1091 1383 1196 1414; x_wconf 82' lang='lat' dir='ltr'>calore</span> <span class='ocrx_word' id='word_1_134' title='bbox 1223 1385 1358 1415; x_wconf 88' lang='lat' dir='ltr'>solvitur</span> <span class='ocrx_word' id='word_1_135' title='bbox 1384 1385 1469 1427; x_wconf 86' lang='lat' dir='ltr'>gelu,</span> 
     </span>
     <span class='ocr_line' id='line_1_38' title="bbox 383 1427 1395 1470; baseline 0.006 -13"><span class='ocrx_word' id='word_1_136' title='bbox 383 1427 469 1458; x_wconf 85' lang='lat' dir='ltr'>Sicut</span> <span class='ocrx_word' id='word_1_137' title='bbox 498 1432 607 1458; x_wconf 80' lang='lat' dir='ltr'>ventus</span> <span class='ocrx_word' id='word_1_138' title='bbox 634 1430 813 1470; x_wconf 63' lang='lat' dir='ltr'>evauescitq</span> <span class='ocrx_word' id='word_1_139' title='bbox 1071 1430 1123 1461; x_wconf 90' lang='lat' dir='ltr'>Sic</span> <span class='ocrx_word' id='word_1_140' title='bbox 1149 1431 1250 1462; x_wconf 90' lang='lat' dir='ltr'>honor</span> <span class='ocrx_word' id='word_1_141' title='bbox 1276 1432 1395 1465; x_wconf 85' lang='lat' dir='ltr'>deficit.</span> 
     </span>
    </p>
   </div>
   <div class='ocr_carea' id='block_1_21' title="bbox 899 1521 1397 1651">
    <p class='ocr_par' dir='ltr' id='par_1_22' title="bbox 899 1521 1397 1651">
     <span class='ocr_line' id='line_1_39' title="bbox 899 1521 1397 1554; baseline 0.004 -2"><span class='ocrx_word' id='word_1_142' title='bbox 899 1521 984 1553; x_wconf 73' lang='lat'>271).</span> <span class='ocrx_word' id='word_1_143' title='bbox 1015 1521 1066 1552; x_wconf 85' lang='lat' dir='ltr'>Sic</span> <span class='ocrx_word' id='word_1_144' title='bbox 1093 1521 1194 1553; x_wconf 86' lang='lat' dir='ltr'>honor</span> <span class='ocrx_word' id='word_1_145' title='bbox 1219 1523 1397 1554; x_wconf 83' lang='lat' dir='ltr'>mundanus</span> 
     </span>
     <span class='ocr_line' id='line_1_40' title="bbox 1016 1569 1365 1610; baseline 0.006 -10"><span class='ocrx_word' id='word_1_146' title='bbox 1016 1569 1075 1600; x_wconf 87' lang='lat' dir='ltr'>Est</span> <span class='ocrx_word' id='word_1_147' title='bbox 1102 1571 1228 1601; x_wconf 88' lang='lat' dir='ltr'>omuino</span> <span class='ocrx_word' id='word_1_148' title='bbox 1255 1580 1365 1610; x_wconf 55' lang='lat' dir='ltr'>vanusa</span> 
     </span>
     <span class='ocr_line' id='line_1_41' title="bbox 1065 1616 1371 1651; baseline 0.01 -4"><span class='ocrx_word' id='word_1_149' title='bbox 1065 1616 1153 1648; x_wconf 86' lang='lat' dir='ltr'>Sicut</span> <span class='ocrx_word' id='word_1_150' title='bbox 1179 1618 1264 1649; x_wconf 88' lang='lat' dir='ltr'>unda</span> <span class='ocrx_word' id='word_1_151' title='bbox 1290 1617 1371 1651; x_wconf 88' lang='lat' dir='ltr'>fluit.</span> 
     </span>
    </p>
   </div>
   <div class='ocr_carea' id='block_1_22' title="bbox 218 1517 777 1703">
    <p class='ocr_par' dir='ltr' id='par_1_23' title="bbox 218 1517 777 1653">
     <span class='ocr_line' id='line_1_42' title="bbox 218 1517 777 1556; baseline 0.007 -9"><span class='ocrx_word' id='word_1_152' title='bbox 218 1517 299 1548; x_wconf 75' lang='grc'><strong>273.</strong></span> <span class='ocrx_word' id='word_1_153' title='bbox 332 1518 491 1556; x_wconf 79' lang='lat' dir='ltr'>Quidquid</span> <span class='ocrx_word' id='word_1_154' title='bbox 518 1519 549 1549; x_wconf 84' lang='lat' dir='ltr'>in</span> <span class='ocrx_word' id='word_1_155' title='bbox 577 1528 609 1549; x_wconf 80' lang='lat' dir='ltr'>se</span> <span class='ocrx_word' id='word_1_156' title='bbox 638 1520 777 1551; x_wconf 87' lang='lat' dir='ltr'>cernitur</span> 
     </span>
     <span class='ocr_line' id='line_1_43' title="bbox 333 1565 713 1605; baseline 0.008 -10"><span class='ocrx_word' id='word_1_157' title='bbox 333 1565 492 1603; x_wconf 72' lang='lat' dir='ltr'>Rigidum,</span> <span class='ocrx_word' id='word_1_158' title='bbox 520 1567 713 1605; x_wconf 79' lang='lat' dir='ltr'>incurvatur,</span> 
     </span>
     <span class='ocr_line' id='line_1_44' title="bbox 335 1612 664 1653; baseline 0.009 -11"><span class='ocrx_word' id='word_1_159' title='bbox 335 1612 428 1643; x_wconf 84' lang='lat' dir='ltr'>Redit</span> <span class='ocrx_word' id='word_1_160' title='bbox 456 1615 494 1644; x_wconf 85' lang='lat' dir='ltr'>ad</span> <span class='ocrx_word' id='word_1_161' title='bbox 524 1614 664 1653; x_wconf 78' lang='lat' dir='ltr'>nihilum,</span> 
     </span>
    </p>

    <p class='ocr_par' dir='ltr' id='par_1_24' title="bbox 381 1660 712 1703">
     <span class='ocr_line' id='line_1_45' title="bbox 381 1660 712 1703; baseline 0.006 -13"><span class='ocrx_word' id='word_1_162' title='bbox 381 1660 431 1691; x_wconf 85' lang='lat' dir='ltr'>Sic</span> <span class='ocrx_word' id='word_1_163' title='bbox 458 1661 543 1699; x_wconf 79' lang='lat' dir='ltr'>rigor</span> <span class='ocrx_word' id='word_1_164' title='bbox 569 1662 712 1703; x_wconf 49' lang='lat' dir='ltr'>deperitq</span> 
     </span>
    </p>
   </div>
   <div class='ocr_carea' id='block_1_23' title="bbox 216 1750 1460 1799">
    <p class='ocr_par' dir='ltr' id='par_1_25' title="bbox 216 1750 1460 1799">
     <span class='ocr_line' id='line_1_46' title="bbox 216 1750 1460 1799; baseline 0.007 -19"><span class='ocrx_word' id='word_1_165' title='bbox 216 1750 258 1781; x_wconf 79' lang='lat'>28</span> <span class='ocrx_word' id='word_1_166' title='bbox 273 1758 300 1780; x_wconf 90' lang='lat' dir='ltr'>a.</span> <span class='ocrx_word' id='word_1_167' title='bbox 334 1750 369 1780; x_wconf 87' lang='lat' dir='ltr'>In</span> <span class='ocrx_word' id='word_1_168' title='bbox 397 1750 549 1782; x_wconf 84' lang='lat' dir='ltr'>bulliente</span> <span class='ocrx_word' id='word_1_169' title='bbox 575 1751 690 1783; x_wconf 85' lang='lat' dir='ltr'>balneo</span> <span class='ocrx_word' id='word_1_170' title='bbox 903 1755 946 1787; x_wconf 81' lang='lat'>28</span> <span class='ocrx_word' id='word_1_171' title='bbox 958 1754 988 1788; x_wconf 95' lang='lat' dir='ltr'>b.</span> <span class='ocrx_word' id='word_1_172' title='bbox 1021 1755 1092 1786; x_wconf 80' lang='lat' dir='ltr'>Non</span> <span class='ocrx_word' id='word_1_173' title='bbox 1119 1755 1225 1787; x_wconf 84' lang='lat' dir='ltr'>adurit</span> <span class='ocrx_word' id='word_1_174' title='bbox 1253 1757 1341 1789; x_wconf 89' lang='lat' dir='ltr'>calor</span> <span class='ocrx_word' id='word_1_175' title='bbox 1366 1758 1460 1799; x_wconf 73' lang='lat' dir='ltr'>ignis,</span> 
     </span>
    </p>
   </div>
   <div class='ocr_carea' id='block_1_24' title="bbox 333 1797 780 1928">
    <p class='ocr_par' dir='ltr' id='par_1_26' title="bbox 333 1797 780 1928">
     <span class='ocr_line' id='line_1_47' title="bbox 333 1797 780 1839; baseline 0.009 -11"><span class='ocrx_word' id='word_1_176' title='bbox 333 1797 403 1828; x_wconf 83' lang='lat' dir='ltr'>Non</span> <span class='ocrx_word' id='word_1_177' title='bbox 431 1799 562 1839; x_wconf 85' lang='lat' dir='ltr'>patitur,</span> <span class='ocrx_word' id='word_1_178' title='bbox 588 1800 780 1839; x_wconf 84' lang='lat' dir='ltr'>incenditur,</span> 
     </span>
     <span class='ocr_line' id='line_1_48' title="bbox 333 1844 710 1879; baseline 0.008 -3"><span class='ocrx_word' id='word_1_179' title='bbox 333 1844 374 1876; x_wconf 88' lang='lat' dir='ltr'>Et</span> <span class='ocrx_word' id='word_1_180' title='bbox 402 1846 433 1876; x_wconf 84' lang='lat' dir='ltr'>in</span> <span class='ocrx_word' id='word_1_181' title='bbox 462 1845 598 1877; x_wconf 83' lang='lat' dir='ltr'>ferventi</span> <span class='ocrx_word' id='word_1_182' title='bbox 625 1847 710 1879; x_wconf 89' lang='lat' dir='ltr'>dolio</span> 
     </span>
     <span class='ocr_line' id='line_1_49' title="bbox 380 1893 715 1928; baseline 0.012 -5"><span class='ocrx_word' id='word_1_183' title='bbox 380 1893 503 1924; x_wconf 83' lang='lat' dir='ltr'>Invenit</span> <span class='ocrx_word' id='word_1_184' title='bbox 532 1895 715 1928; x_wconf 87' lang='lat' dir='ltr'>remedium.</span> 
     </span>
    </p>
   </div>
   <div class='ocr_carea' id='block_1_25' title="bbox 1020 1803 1494 1940">
    <p class='ocr_par' dir='ltr' id='par_1_27' title="bbox 1020 1803 1494 1940">
     <span class='ocr_line' id='line_1_50' title="bbox 1020 1803 1488 1845; baseline 0.009 -11"><span class='ocrx_word' id='word_1_185' title='bbox 1020 1803 1131 1842; x_wconf 86' lang='lat' dir='ltr'>Neque</span> <span class='ocrx_word' id='word_1_186' title='bbox 1156 1809 1248 1835; x_wconf 85' lang='lat' dir='ltr'>nocet</span> <span class='ocrx_word' id='word_1_187' title='bbox 1276 1806 1323 1836; x_wconf 90' lang='lat' dir='ltr'>vis</span> <span class='ocrx_word' id='word_1_188' title='bbox 1349 1807 1488 1845; x_wconf 87' lang='lat' dir='ltr'>ardoris,</span> 
     </span>
     <span class='ocr_line' id='line_1_51' title="bbox 1020 1851 1494 1890; baseline 0.011 -9"><span class='ocrx_word' id='word_1_189' title='bbox 1020 1851 1130 1890; x_wconf 73' lang='lat' dir='ltr'>Neque</span> <span class='ocrx_word' id='word_1_190' title='bbox 1157 1853 1253 1883; x_wconf 87' lang='lat' dir='ltr'>sentit</span> <span class='ocrx_word' id='word_1_191' title='bbox 1281 1853 1343 1884; x_wconf 91' lang='lat' dir='ltr'>vim</span> <span class='ocrx_word' id='word_1_192' title='bbox 1371 1855 1494 1886; x_wconf 89' lang='lat' dir='ltr'>doloris</span> 
     </span>
     <span class='ocr_line' id='line_1_52' title="bbox 1066 1899 1436 1940; baseline 0.011 -11"><span class='ocrx_word' id='word_1_193' title='bbox 1066 1899 1198 1930; x_wconf 86' lang='lat' dir='ltr'>Habens</span> <span class='ocrx_word' id='word_1_194' title='bbox 1224 1899 1436 1940; x_wconf 80' lang='lat' dir='ltr'>refrigerium.</span> 
     </span>
    </p>
   </div>
   <div class='ocr_carea' id='block_1_26' title="bbox 210 1982 1462 2306">
    <p class='ocr_par' dir='ltr' id='par_1_28' title="bbox 210 1982 1462 2306">
     <span class='ocr_line' id='line_1_53' title="bbox 212 1982 1191 2023; baseline 0.007 -9"><span class='ocrx_word' id='word_1_195' title='bbox 212 1983 294 2015; x_wconf 84' lang='lat' dir='ltr'><strong>29a.</strong></span> <span class='ocrx_word' id='word_1_196' title='bbox 328 1982 375 2013; x_wconf 79' lang='lat' dir='ltr'>Ibi</span> <span class='ocrx_word' id='word_1_197' title='bbox 404 1984 490 2023; x_wconf 79' lang='lat' dir='ltr'>virgo</span> <span class='ocrx_word' id='word_1_198' title='bbox 897 1988 983 2022; x_wconf 75' lang='lat' dir='ltr'>29b.</span> <span class='ocrx_word' id='word_1_199' title='bbox 1015 1988 1063 2020; x_wconf 93' lang='lat' dir='ltr'>Ibi</span> <span class='ocrx_word' id='word_1_200' title='bbox 1091 1990 1191 2021; x_wconf 75' lang='lat' dir='ltr'>virtus</span> 
     </span>
     <span class='ocr_line' id='line_1_54' title="bbox 379 2032 1246 2077; baseline 0.009 -15"><span class='ocrx_word' id='word_1_201' title='bbox 379 2032 482 2070; x_wconf 85' lang='lat' dir='ltr'>capite</span> <span class='ocrx_word' id='word_1_202' title='bbox 509 2033 649 2071; x_wconf 76' lang='lat' dir='ltr'>punitur,</span> <span class='ocrx_word' id='word_1_203' title='bbox 1065 2036 1099 2068; x_wconf 87' lang='lat' dir='ltr'>fit</span> <span class='ocrx_word' id='word_1_204' title='bbox 1127 2038 1246 2077; x_wconf 79' lang='lat' dir='ltr'>divina,</span> 
     </span>
     <span class='ocr_line' id='line_1_55' title="bbox 328 2078 1329 2125; baseline 0.009 -16"><span class='ocrx_word' id='word_1_205' title='bbox 328 2078 390 2110; x_wconf 89' lang='lat' dir='ltr'>Sed</span> <span class='ocrx_word' id='word_1_206' title='bbox 417 2079 477 2110; x_wconf 83' lang='lat' dir='ltr'>iam</span> <span class='ocrx_word' id='word_1_207' title='bbox 505 2080 588 2110; x_wconf 81' lang='lat' dir='ltr'>laeta</span> <span class='ocrx_word' id='word_1_208' title='bbox 1018 2084 1095 2116; x_wconf 83' lang='lat' dir='ltr'>Cum</span> <span class='ocrx_word' id='word_1_209' title='bbox 1123 2086 1214 2125; x_wconf 89' lang='lat' dir='ltr'>plebs</span> <span class='ocrx_word' id='word_1_210' title='bbox 1241 2087 1329 2118; x_wconf 80' lang='lat' dir='ltr'>videt</span> 
     </span>
     <span class='ocr_line' id='line_1_56' title="bbox 377 2126 1261 2167; baseline 0.01 -10"><span class='ocrx_word' id='word_1_211' title='bbox 377 2131 443 2158; x_wconf 83' lang='lat' dir='ltr'>tota</span> <span class='ocrx_word' id='word_1_212' title='bbox 469 2126 608 2159; x_wconf 82' lang='lat' dir='ltr'>efficitur</span> <span class='ocrx_word' id='word_1_213' title='bbox 1064 2137 1155 2165; x_wconf 81' lang='lat' dir='ltr'>tanta</span> <span class='ocrx_word' id='word_1_214' title='bbox 1180 2134 1261 2167; x_wconf 80' lang='lat' dir='ltr'>mira</span> 
     </span>
     <span class='ocr_line' id='line_1_57' title="bbox 424 2174 1462 2224; baseline 0.012 -19"><span class='ocrx_word' id='word_1_215' title='bbox 424 2174 647 2208; x_wconf 81' lang='lat' dir='ltr'>Consummato</span> <span class='ocrx_word' id='word_1_216' title='bbox 673 2177 806 2217; x_wconf 87' lang='lat' dir='ltr'>proelio.</span> <span class='ocrx_word' id='word_1_217' title='bbox 1114 2182 1149 2213; x_wconf 86' lang='lat' dir='ltr'>ln</span> <span class='ocrx_word' id='word_1_218' title='bbox 1176 2186 1266 2214; x_wconf 83' lang='lat' dir='ltr'>tanto</span> <span class='ocrx_word' id='word_1_219' title='bbox 1292 2184 1462 2224; x_wconf 85' lang='lat' dir='ltr'>supplicio.</span> 
     </span>
     <span class='ocr_line' id='line_1_58' title="bbox 210 2265 1286 2306; baseline 0.009 -10"><span class='ocrx_word' id='word_1_220' title='bbox 210 2265 253 2297; x_wconf 85' lang='lat'>30</span> <span class='ocrx_word' id='word_1_221' title='bbox 264 2274 292 2297; x_wconf 88' lang='lat' dir='ltr'>a.</span> <span class='ocrx_word' id='word_1_222' title='bbox 325 2265 422 2297; x_wconf 85' lang='lat' dir='ltr'>Trina</span> <span class='ocrx_word' id='word_1_223' title='bbox 449 2267 516 2298; x_wconf 91' lang='lat' dir='ltr'>vice</span> <span class='ocrx_word' id='word_1_224' title='bbox 896 2271 940 2304; x_wconf 90' lang='grc'>30</span> <span class='ocrx_word' id='word_1_225' title='bbox 951 2271 981 2304; x_wconf 95' lang='lat' dir='ltr'>b.</span> <span class='ocrx_word' id='word_1_226' title='bbox 1015 2271 1097 2304; x_wconf 85' lang='lat' dir='ltr'>Nam</span> <span class='ocrx_word' id='word_1_227' title='bbox 1120 2273 1171 2305; x_wconf 87' lang='lat' dir='ltr'>lex</span> <span class='ocrx_word' id='word_1_228' title='bbox 1199 2274 1286 2306; x_wconf 86' lang='lat' dir='ltr'>iubet</span> 
     </span>
    </p>
   </div>
   <div class='ocr_carea' id='block_1_27' title="bbox 327 2315 720 2493">
    <p class='ocr_par' dir='ltr' id='par_1_29' title="bbox 327 2315 720 2493">
     <span class='ocr_line' id='line_1_59' title="bbox 375 2315 720 2358; baseline 0.009 -14"><span class='ocrx_word' id='word_1_229' title='bbox 375 2315 519 2347; x_wconf 83' lang='lat' dir='ltr'>extendit</span> <span class='ocrx_word' id='word_1_230' title='bbox 544 2315 720 2358; x_wconf 84' lang='lat' dir='ltr'>brachium,</span> 
     </span>
     <span class='ocr_line' id='line_1_60' title="bbox 327 2361 569 2402; baseline 0.008 -10"><span class='ocrx_word' id='word_1_231' title='bbox 327 2361 438 2402; x_wconf 82' lang='lat' dir='ltr'>Neque</span> <span class='ocrx_word' id='word_1_232' title='bbox 464 2367 569 2402; x_wconf 89' lang='lat' dir='ltr'>potest</span> 
     </span>
     <span class='ocr_line' id='line_1_61' title="bbox 375 2412 676 2444; baseline 0.01 -3"><span class='ocrx_word' id='word_1_233' title='bbox 375 2414 485 2443; x_wconf 85' lang='lat' dir='ltr'>contra</span> <span class='ocrx_word' id='word_1_234' title='bbox 511 2412 676 2444; x_wconf 90' lang='lat' dir='ltr'>consilium</span> 
     </span>
     <span class='ocr_line' id='line_1_62' title="bbox 423 2459 648 2493; baseline 0.004 -1"><span class='ocrx_word' id='word_1_235' title='bbox 423 2460 514 2492; x_wconf 85' lang='lat' dir='ltr'>Hanc</span> <span class='ocrx_word' id='word_1_236' title='bbox 542 2459 648 2493; x_wconf 83' lang='lat' dir='ltr'>ferire.</span> 
     </span>
    </p>
   </div>
   <div class='ocr_carea' id='block_1_28' title="bbox 1014 2323 1426 2503">
    <p class='ocr_par' dir='ltr' id='par_1_30' title="bbox 1014 2323 1426 2503">
     <span class='ocr_line' id='line_1_63' title="bbox 1062 2323 1426 2366; baseline 0.014 -14"><span class='ocrx_word' id='word_1_237' title='bbox 1062 2330 1123 2353; x_wconf 90' lang='lat' dir='ltr'>non</span> <span class='ocrx_word' id='word_1_238' title='bbox 1151 2323 1236 2354; x_wconf 83' lang='lat' dir='ltr'>ultra</span> <span class='ocrx_word' id='word_1_239' title='bbox 1262 2325 1426 2366; x_wconf 86' lang='lat' dir='ltr'>progredi,</span> 
     </span>
     <span class='ocr_line' id='line_1_64' title="bbox 1014 2368 1177 2402; baseline 0.018 -3"><span class='ocrx_word' id='word_1_240' title='bbox 1014 2368 1057 2400; x_wconf 90' lang='lat' dir='ltr'>Et</span> <span class='ocrx_word' id='word_1_241' title='bbox 1078 2370 1177 2402; x_wconf 89' lang='lat' dir='ltr'>voluit</span> 
     </span>
     <span class='ocr_line' id='line_1_65' title="bbox 1063 2418 1289 2461; baseline 0.018 -13"><span class='ocrx_word' id='word_1_242' title='bbox 1063 2418 1110 2449; x_wconf 88' lang='lat' dir='ltr'>sic</span> <span class='ocrx_word' id='word_1_243' title='bbox 1135 2419 1182 2450; x_wconf 84' lang='lat' dir='ltr'>ita</span> <span class='ocrx_word' id='word_1_244' title='bbox 1208 2419 1289 2461; x_wconf 82' lang='lat' dir='ltr'>fieri,</span> 
     </span>
     <span class='ocr_line' id='line_1_66' title="bbox 1111 2466 1369 2503; baseline 0.016 -5"><span class='ocrx_word' id='word_1_245' title='bbox 1111 2466 1204 2499; x_wconf 85' lang='lat' dir='ltr'>Hanc</span> <span class='ocrx_word' id='word_1_246' title='bbox 1229 2478 1369 2503; x_wconf 85' lang='lat' dir='ltr'>manere.</span> 
     </span>
    </p>
   </div>
  </div>
 </body>
</html>
