1655 2713
199 259 255 290 3a.
279 263 374 292 Totus
394 266 532 294 turbatus
563 267 702 303 Cyrillus,

278 302 380 339 Neque
401 305 486 341 vigor
507 308 616 334 mansit
637 308 715 336 ullus

316 341 420 378 Neque
441 344 603 381 quidquam
625 348 751 383 virium;

198 400 252 429 421.
278 404 371 432 Offert
392 406 495 439 multa,
516 409 642 444 spondet
664 411 748 446 plura

278 443 433 471 Periturus
455 448 595 481 peritura,

316 483 375 510 sed
396 484 543 513 vilescunt
565 489 680 523 omnia3

203 541 256 570 5a.
283 545 343 572 Iste
366 546 472 574 videns
495 555 526 575 se
549 554 748 586 contemptum

283 583 370 611 Illam
393 586 485 613 trahit
511 587 547 614 ad
568 592 756 623 tormentum,

315 623 487 652 Proclamat
508 626 713 656 christianam.

202 682 256 711 Ga.
282 685 354 712 Post
375 688 503 715 tricenos
527 693 605 717 astat
629 690 701 722 dies.

278 725 372 752 Laeta
394 729 536 754 remansit
557 728 657 759 facies,

317 763 357 790 Et
377 766 509 799 graviter
533 768 675 795 caeditur.

201 823 254 851 7a.
281 824 362 858 Orat,
385 831 415 853 ut
438 837 548 855 memor
572 832 701 858 nominis

275 865 411 900 Recipiat
431 868 491 894 vim
512 871 642 896 numinis

315 904 350 930 In
371 904 474 933 dolore
495 906 636 934 dentium.

199 966 250 992 δἐι.
279 967 379 1003 Bogus
401 971 494 995 saevit
517 972 546 996 in
569 975 746 1006 praesentes,

274 1006 422 1033 Flammas
444 1009 553 1035 emittit
570 1009 714 1043 ardentes,

314 1045 385 1071 l'ars
407 1046 508 1081 populi
531 1049 644 1074 teritur.

191 1104 244 1132 9a.
270 1107 399 1134 Montem
421 1109 520 1136 Tabor
541 1110 741 1145 ascendentes,

268 1145 314 1172 Ibi
335 1155 442 1181 corpus
463 1147 627 1175 deferentes

304 1184 414 1211 Locum
437 1190 542 1221 parant
560 1188 669 1223 vig-ini:

826 177 896 213 307
948 198 995 203 —-

899 273 953 302 3b.
978 276 1032 303 Ille
1054 282 1154 314 raptus
1177 281 1207 306 in
1232 289 1361 309 amorem

976 315 1088 343 Videns
1109 320 1241 353 corporis
1263 319 1397 347 decorem

1017 355 1101 382 Hanc
1122 356 1226 384 dilexit
1250 360 1383 386 nimium.

898 414 951 443 4b.
976 418 1070 445 Omne
1092 420 1191 447 mundi
1214 426 1419 451 ornamentum

978 459 1107 492 Spernit,
1129 468 1232 486 aurum
1253 465 1282 487 et
1303 467 1466 497 argeutum,

1013 495 1136 523 Munera
1157 499 1281 533 regalia.

908 555 960 583 5b.
986 557 1025 583 Et
1047 558 1118 585 haec
1140 560 1287 588 Christum
1312 564 1466 598 profitetur

986 596 1088 631 Neque
1110 598 1180 624 deos
1203 607 1366 633 veneretur,

1018 635 1157 663 Habebat
1181 643 1303 665 mentem
1326 650 1437 668 sanam.

899 694 952 723 61).
977 697 1000 723 Α
1024 698 1129 726 molari
1151 703 1303 728 excutiunt

975 736 1094 768 Dente&⁷
1117 738 1196 766 labia
1217 740 1334 769 feriunt.

1013 775 1084 801 Post
1105 780 1218 812 tergum
1241 782 1451 815 praecingitur.

899 832 950 861 7b.
977 836 1131 864 Prosilivit
1153 848 1182 865 se
1205 840 1234 865 in
1257 842 1362 874 ignem,

974 874 1165 903 Admirantur
1187 887 1246 904 rem
1269 880 1423 915 insignem,

1013 914 1139 941 Currens
1161 916 1198 942 ad
1220 918 1397 945 incendium.

893 972 947 1001 Sb.
971 976 1084 1011 Corpus
1106 978 1193 1006 datur
1215 981 1323 1014 praeda
1346 983 1439 1009 brutis

971 1015 1170 1050 Canibusque,
1193 1020 1279 1049 ursisv
1303 1020 1380 1054 lupis*

1010 1053 1069 1079 Nec
1091 1059 1187 1083 tamen
1209 1057 1396 1093 discerpitur.

889 1114 942 1141 912.
970 1115 1026 1143 Ubi
1050 1117 1123 1145 fiunt
1145 1121 1287 1147 miracula

967 1155 1080 1183 Vocata
1103 1166 1186 1192 prece
1209 1159 1311 1186 sedula

1005 1194 1062 1220 Pro
1083 1196 1178 1231 glun-ia
1203 1198 1333 1225 Domini.

595 1310 666 1342 340.
711 1313 751 1343 De
774 1317 886 1345 sancta
909 1315 1063 1348 Barbara.

196 1388 253 1419 la.
286 1388 410 1431 Gaude,
439 1390 533 1422 turba
560 1392 713 1433 fidelium,

287 1437 387 1476 Quam
400 1438 440 1469 de
450 1439 551 1479 stirpe
560 1442 660 1472 traxit
670 1443 837 1482 gentilium

287 1485 330 1516 Et
344 1486 377 1517 in
395 1495 512 1518 novum
522 1489 626 1520 iunxit
636 1490 804 1531 collegium

333 1533 384 1565 De
408 1541 503 1575 gente
532 1536 712 1571 barbarica.

181 1617 241 1649 23.
279 1617 377 1649 Pater
403 1620 504 1650 tradit
530 1621 728 1654 edocendam

279 1664 325 1696 Et
350 1666 381 1697 in
409 1668 510 1699 sacris
538 1669 754 1707 imbuendam.

281 1713 319 1745 In
344 1723 407 1754 qua
434 1715 529 1748 fidem
557 1719 747 1751 catholicam

327 1762 427 1795 Novit
453 1764 494 1796 ab
520 1765 669 1800 infantia.

175 1844 237 1876 3a.
272 1844 316 1877 Ut
341 1847 472 1886 agnovit
498 1853 592 1888 pater
618 1859 743 1891 saevus,

272 1892 397 1925 Fremit
423 1901 584 1937 tamquam
612 1898 662 1931 leo
689 1900 790 1935 dirus.

323 1943 416 1975 Illam
442 1945 531 1977 iubet
558 1948 734 1991 custodin'3

146 2026 234 2056 -4a.
267 2025 358 2057 Haec
383 2027 415 2059 in
447 2032 519 2060 arta

315 2076 396 2107 turri
423 2078 616 2118 retruditur,

269 2124 382 2156 Puella
409 2132 554 2166 venusta,

317 2173 437 2206 deeora
463 2173 565 2216 facie;

167 2255 230 2286 5a.
262 2254 432 2297 Templum
459 2257 652 2301 ingreditur,

314 2304 435 2337 videns
461 2305 653 2340 simulacra:

267 2353 373 2395 „Quid
400 2353 480 2386 haec
506 2355 628 2397 volunt,
656 2357 770 2398 inquit,

312 2401 382 2434 Ista
408 2403 574 2444 deaurata,

263 2449 404 2489 Quorum
433 2453 567 2484 materia

234 2515 236 2519 ·
262 2497 348 2531 Luto
372 2500 578 2542 composita?

893 1397 955 1430 lb.
987 1398 1109 1437 Gaude,
1139 1399 1215 1432 felix
1243 1408 1273 1433 et
1302 1403 1406 1443 beata,

985 1446 1108 1490 Gaude,
1137 1450 1213 1481 urbs
1242 1450 1440 1493 Nicomedia,

984 1495 1053 1535 Qua
1079 1498 1256 1537 triumphat
1283 1501 1429 1540 agonista

1033 1545 1082 1576 De
1110 1546 1186 1576 viriz
1215 1547 1358 1581 victoria.

883 1625 945 1660 2b.
979 1627 1076 1666 virgo
1103 1628 1197 1660 beata
1224 1630 1379 1673 Barbara,

982 1674 1113 1708 Gemma
1142 1678 1222 1709 caeli
1249 1680 1400 1722 pretiosa,

975 1723 1101 1764 Sponsa
1129 1726 1246 1758 Christi
1274 1730 1435 1771 speciosa,

1022 1772 1169 1806 Dioscori
1195 1774 1273 1810 filia,

880 1853 943 1888 31».
974 1856 1074 1895 Quam
1101 1859 1244 1897 agnoscit
1264 1860 1486 1901 christianam,

973 1904 1136 1937 Martiano
1163 1907 1361 1940 illudendam

1021 1954 1135 1985 Statim
1171 1957 1302 1988 mandat
1338 1959 1489 1992 nuntiari.

877 2034 941 2069 4b.
973 2036 1061 2075 Quae
1085 2047 1104 2068 a
1130 2038 1239 2069 multis

1021 2086 1201 2123 adamatur,

971 2134 1035 2165 sed
1062 2144 1080 2165 a
1107 2135 1194 2166 nullo

1019 2188 1166 2214 contacta
1194 2184 1331 2217 homine.

869 2263 933 2296 5b.
966 2264 1047 2296 Nam
1076 2266 1167 2297 homo
1195 2266 1234 2297 de
1261 2273 1347 2300 terra

1013 2313 1126 2345 Trahit
1152 2315 1318 2355 originem,

964 2361 1032 2393 Nec
1058 2362 1180 2394 caelum
1207 2372 1267 2395 nec
1291 2374 1348 2396 aer

1010 2410 1079 2442 Nec
1104 2420 1187 2451 aqua
1211 2422 1231 2444 a
1257 2422 1291 2444 se
1317 2420 1408 2457 sunt,

960 2458 1023 2491 Sed
1050 2469 1190 2492 summus
1216 2461 1335 2494 artifex

961 2508 1057 2540 Creat
1083 2509 1242 2544 universa.

1235 2566 1297 2596 20*
