1655 2713
677 140 939 175 —100—

175 241 194 272 5
211 248 240 271 a.
277 238 395 271 Christi
421 248 534 271 nomen
561 239 728 277 exaltatur,
863 239 882 270 5
897 236 928 269 b.
963 235 1181 277 Guingualous
1205 241 1237 268 et
1262 235 1409 269 Tudinus

272 287 370 319 Fides
397 292 506 319 sancta
534 287 688 319 dilatatur
959 284 1120 323 Gaudent,
1135 285 1221 325 quod
1232 285 1280 317 sol
1290 283 1473 316 matutinus

316 334 489 374 Frequenti
514 334 677 366 miraculo.
997 332 1050 364 Sic
1075 333 1175 364 eluxit
1201 333 1329 373 populo.

176 433 196 461 ϋ
211 439 240 463 a.
271 430 467 470 Argumenta
493 429 671 461 sanctitatis
859 430 878 461 6
895 428 924 460 b.
955 429 1112 469 Aperitur
1138 429 1246 461 clausa
1271 438 1395 468 manus,

271 477 432 509 Corentini
459 481 569 516 patent
594 476 672 508 satis
954 476 1089 508 Furtum
1115 477 1224 509 reddit
1251 481 1282 508 et
1306 476 1341 508 fit
1367 485 1471 509 sanus

318 525 392 556 Post
431 528 563 556 mortem
595 523 773 564 magnalia:
1004 524 1102 556 Latro
1131 525 1171 557 de
1198 525 1327 557 Leonia.

175 621 191 651 7
208 629 237 652 a.
269 620 387 660 Captus
413 629 488 651 arca
512 619 678 661 liberatur,
861 621 878 653 7
894 620 924 654 b.
953 622 982 652 A
1009 620 1173 652 Britannis
1211 620 1285 652 dum
1315 624 1470 660 portatur

271 667 380 698 Vinum
421 668 582 699 monachis
616 671 772 707 servatur,
953 668 1086 700 Sacrum
1097 677 1223 708 corpus,
1242 668 1346 700 imber
1358 668 1468 710 datur,

267 715 355 747 Sicut
381 715 517 747 Turonis
543 718 689 754 testatur,
951 716 1074 748 Trabes
1098 716 1196 757 cadit,
1216 725 1275 748 nee
1293 717 1470 748 damnatur

319 762 429 802 Neque
455 763 535 799 bibit
560 763 712 795 aemulus.
1000 764 1111 796 Paries
1138 764 1188 796 vel
1216 765 1366 806 populus.

173 859 236 890 Sa.
268 858 354 897 Ergo
381 858 449 889 Deo
475 859 543 890 laus
569 858 722 900 solvatur,
857 859 922 894 8b.
953 860 1052 892 Trine
1080 859 1165 891 Deus
1192 860 1223 892 in
1248 860 1408 901 personis,

269 905 330 936 Per
347 915 439 944 quem
458 910 586 937 sanctus
600 906 770 948 revelatur,
952 907 1054 939 Huius
1080 916 1175 947 prece
1201 917 1258 939 nos
1281 917 1354 939 cum
1374 907 1470 940 bonis

269 953 458 992 Peregrinus
483 954 670 995 gratulatur,
952 955 1029 987 Tuis
1056 959 1127 986 tuos
1155 955 1239 987 dona
1265 956 1357 987 donis

267 1000 363 1038 Dum,
379 1001 462 1040 quod
477 1002 568 1041 petit,
582 1001 773 1040 impetratur
950 1003 993 1035 Et
1020 1011 1137 1034 corona
1163 1013 1219 1035 nos
1246 1004 1371 1035 coronis

315 1048 478 1080 Corentini
504 1049 616 1088 gratia.
998 1050 1189 1082 Sanctorum
1215 1052 1247 1083 in
1273 1051 1388 1092 gloria.

224 1157 306 1182 Miss.
328 1157 484 1183 Briocense
506 1157 574 1192 imp.
599 1156 723 1183 Rothom
765 1158 774 1183 i
797 1166 817 1184 s.
841 1165 866 1184 a.
887 1155 1017 1193 [1502?].
1040 1159 1074 1185 Α.
1096 1174 1133 1178 -
1154 1159 1237 1186 Miss.
1259 1160 1467 1188 Maelovieuse

153 1195 220 1229 imp.
244 1194 418 1230 Rothomagi
443 1193 522 1221 1503.
548 1196 580 1221 B.
603 1210 638 1214 —
664 1194 717 1227 lb,
779 1195 843 1229 Qua
865 1196 897 1222 B.
918 1210 955 1214 —
977 1194 1032 1227 81),
1054 1195 1071 1224 2
1093 1198 1184 1225 Cuius
1206 1198 1265 1225 ΑΒ.

588 1364 650 1394 102.
690 1363 732 1394 De
755 1366 861 1395 sancto
884 1364 1032 1396 Cornelio.

590 1473 618 1504 1.
646 1472 757 1504 Honor
785 1476 815 1504 et
840 1473 999 1513 gaudium,

644 1519 799 1551 Nostrum
825 1520 992 1561 refugium,

693 1567 832 1609 Corneli,

177 1663 197 1694 2
213 1670 242 1695 a.
274 1661 371 1692 Ferto
397 1662 585 1701 subsidium,
862 1667 880 1697 2
897 1665 926 1698 b.
960 1666 1074 1698 Custos
1100 1666 1276 1709 humilium,

271 1709 363 1740 Vitae
389 1709 550 1751 solacium,
955 1713 1032 1746 Fias
1058 1717 1245 1756 remedium„

266 1793 270 1796 ¹
322 1756 461 1790 Corneli.
1005 1762 1142 1795 Corneli.

176 1851 196 1882 3
212 1860 241 1885 a.
276 1852 337 1882 Per
361 1851 421 1883 hoc
447 1853 591 1884 exsilium
862 1858 881 1889 3
896 1856 926 1889 b.
958 1857 1049 1889 Tolle
1073 1857 1285 1902 naufragium,

273 1899 352 1931 Esto
377 1900 583 1943 praesidium,
957 1904 1074 1937 Confer
1099 1906 1293 1947 suffragium,

320 1947 458 1981 Corneli.
1005 1953 1143 1987 Corneli.

178 2044 242 2074 4·a.
274 2042 372 2074 Simul
401 2043 594 2083 Cyprianum
863 2047 930 2080 4b.
961 2049 1075 2080 Poscat
1102 2054 1136 2081 ut
1164 2051 1335 2085 Dominum

273 2090 314 2121 Et
341 2099 467 2122 oramus
494 2092 590 2134 pium,
958 2095 1059 2128 Nobis
1085 2099 1270 2142 propitium,

322 2138 460 2177 Corneli,
1006 2144 1144 2178 Corneli.

180 2234 198 2265 5
216 2244 245 2266 a.
278 2233 373 2265 Solve
397 2235 594 2267 servulorum
866 2241 884 2271 5
902 2238 931 2270 b.
962 2239 1046 2272 Laus
1073 2243 1159 2274 celsa
1185 2245 1343 2288 polorum,

275 2282 410 2315 Vincula
436 2286 572 2327 tuorum,
961 2287 1039 2320 Cum
1065 2299 1161 2329 prece
1188 2292 1323 2337 piorum,

321 2330 459 2371 Corneli,
1010 2338 1149 2372 Corneli.
