<?xml version="1.0" encoding="UTF-8"?>
<!DOCTYPE html PUBLIC "-//W3C//DTD XHTML 1.0 Transitional//EN"
    "http://www.w3.org/TR/xhtml1/DTD/xhtml1-transitional.dtd">
<html xmlns="http://www.w3.org/1999/xhtml" xml:lang="en" lang="en">
 <head>
  <title>
</title>
<meta http-equiv="Content-Type" content="text/html;charset=utf-8" />
  <meta name='ocr-system' content='tesseract 3.04.00' />
  <meta name='ocr-capabilities' content='ocr_page ocr_carea ocr_par ocr_line ocrx_word'/>
</head>
<body>
  <div class='ocr_page' id='page_1' title='image "./analectahymnica44drevuoft_0246.png"; bbox 0 0 1655 2713; ppageno 0'>
   <div class='ocr_carea' id='block_1_1' title="bbox 131 168 1440 1787">
    <p class='ocr_par' dir='ltr' id='par_1_1' title="bbox 131 168 1440 1787">
     <span class='ocr_line' id='line_1_1' title="bbox 669 168 929 204; baseline 0.008 -2"><span class='ocrx_word' id='word_1_1' title='bbox 669 186 716 192; x_wconf 93' lang='lat'>—</span> <span class='ocrx_word' id='word_1_2' title='bbox 767 168 836 204; x_wconf 81' lang='lat'>243</span> <span class='ocrx_word' id='word_1_3' title='bbox 888 187 929 192; x_wconf 95' lang='lat'><strong>—</strong></span> 
     </span>
     <span class='ocr_line' id='line_1_2' title="bbox 131 261 1335 306; baseline 0.003 -13"><span class='ocrx_word' id='word_1_4' title='bbox 131 262 195 303; x_wconf 69' lang='lat' dir='ltr'>za.</span> <span class='ocrx_word' id='word_1_5' title='bbox 228 261 300 294; x_wconf 86' lang='lat' dir='ltr'>Rex</span> <span class='ocrx_word' id='word_1_6' title='bbox 325 262 474 295; x_wconf 84' lang='lat' dir='ltr'>Herodes</span> <span class='ocrx_word' id='word_1_7' title='bbox 500 263 651 296; x_wconf 89' lang='lat' dir='ltr'>Iacobum</span> <span class='ocrx_word' id='word_1_8' title='bbox 832 266 893 299; x_wconf 85' lang='lat' dir='ltr'>2b.</span> <span class='ocrx_word' id='word_1_9' title='bbox 926 266 1177 306; x_wconf 88' lang='lat' dir='ltr'>Apostolumque</span> <span class='ocrx_word' id='word_1_10' title='bbox 1203 266 1335 298; x_wconf 91' lang='lat' dir='ltr'>Petrum</span> 
     </span>
     <span class='ocr_line' id='line_1_3' title="bbox 279 310 1148 355; baseline 0.002 -11"><span class='ocrx_word' id='word_1_11' title='bbox 279 310 462 351; x_wconf 81' lang='lat' dir='ltr'>Occiderat,</span> <span class='ocrx_word' id='word_1_12' title='bbox 976 314 1148 355; x_wconf 84' lang='lat' dir='ltr'>Ligaverat</span> 
     </span>
     <span class='ocr_line' id='line_1_4' title="bbox 327 359 1356 401; baseline 0.002 -9"><span class='ocrx_word' id='word_1_13' title='bbox 327 359 371 392; x_wconf 91' lang='lat' dir='ltr'>Ut</span> <span class='ocrx_word' id='word_1_14' title='bbox 398 359 542 400; x_wconf 83' lang='lat' dir='ltr'>placeret</span> <span class='ocrx_word' id='word_1_15' title='bbox 567 361 707 401; x_wconf 79' lang='lat' dir='ltr'>ludaeis,</span> <span class='ocrx_word' id='word_1_16' title='bbox 1022 363 1059 394; x_wconf 94' lang='lat' dir='ltr'>In</span> <span class='ocrx_word' id='word_1_17' title='bbox 1086 362 1205 394; x_wconf 87' lang='lat' dir='ltr'>catenis</span> <span class='ocrx_word' id='word_1_18' title='bbox 1232 361 1356 394; x_wconf 88' lang='lat' dir='ltr'>ferreis.</span> 
     </span>
     <span class='ocr_line' id='line_1_5' title="bbox 139 445 1154 486; baseline 0.002 -8"><span class='ocrx_word' id='word_1_19' title='bbox 139 445 200 478; x_wconf 72' lang='lat'>32..</span> <span class='ocrx_word' id='word_1_20' title='bbox 233 445 296 485; x_wconf 89' lang='lat' dir='ltr'>En,</span> <span class='ocrx_word' id='word_1_21' title='bbox 323 446 455 486; x_wconf 85' lang='lat' dir='ltr'>angelus</span> <span class='ocrx_word' id='word_1_22' title='bbox 835 448 897 482; x_wconf 85' lang='lat' dir='ltr'>3b.</span> <span class='ocrx_word' id='word_1_23' title='bbox 931 450 967 482; x_wconf 89' lang='lat' dir='ltr'>In</span> <span class='ocrx_word' id='word_1_24' title='bbox 994 457 1154 480; x_wconf 83' lang='lat' dir='ltr'>carcerem</span> 
     </span>
     <span class='ocr_line' id='line_1_6' title="bbox 280 494 1322 538; baseline 0.004 -12"><span class='ocrx_word' id='word_1_25' title='bbox 280 494 384 533; x_wconf 88' lang='lat' dir='ltr'>adest,</span> <span class='ocrx_word' id='word_1_26' title='bbox 410 495 471 527; x_wconf 92' lang='lat' dir='ltr'>Dei</span> <span class='ocrx_word' id='word_1_27' title='bbox 500 496 629 527; x_wconf 83' lang='lat' dir='ltr'>nuntius</span> <span class='ocrx_word' id='word_1_28' title='bbox 979 497 1182 529; x_wconf 86' lang='lat' dir='ltr'>subintrante</span> <span class='ocrx_word' id='word_1_29' title='bbox 1208 498 1322 538; x_wconf 83' lang='lat' dir='ltr'>angelo</span> 
     </span>
     <span class='ocr_line' id='line_1_7' title="bbox 233 543 1145 584; baseline 0.003 -10"><span class='ocrx_word' id='word_1_30' title='bbox 233 543 361 575; x_wconf 89' lang='lat' dir='ltr'>Petrum</span> <span class='ocrx_word' id='word_1_31' title='bbox 389 544 527 584; x_wconf 80' lang='lat' dir='ltr'>solvens,</span> <span class='ocrx_word' id='word_1_32' title='bbox 931 545 1002 577; x_wconf 84' lang='lat' dir='ltr'>Lux</span> <span class='ocrx_word' id='word_1_33' title='bbox 1029 545 1145 577; x_wconf 82' lang='lat' dir='ltr'>effulsit</span> 
     </span>
     <span class='ocr_line' id='line_1_8' title="bbox 281 592 1329 634; baseline 0.004 -12"><span class='ocrx_word' id='word_1_34' title='bbox 281 600 374 631; x_wconf 88' lang='lat' dir='ltr'>quem</span> <span class='ocrx_word' id='word_1_35' title='bbox 402 592 518 632; x_wconf 88' lang='lat' dir='ltr'>ligarat</span> <span class='ocrx_word' id='word_1_36' title='bbox 545 592 683 632; x_wconf 88' lang='lat' dir='ltr'>impius;</span> <span class='ocrx_word' id='word_1_37' title='bbox 979 594 1011 625; x_wconf 89' lang='lat' dir='ltr'>in</span> <span class='ocrx_word' id='word_1_38' title='bbox 1038 594 1176 625; x_wconf 86' lang='lat' dir='ltr'>carceris</span> <span class='ocrx_word' id='word_1_39' title='bbox 1203 595 1329 634; x_wconf 86' lang='lat' dir='ltr'>angulo,</span> 
     </span>
     <span class='ocr_line' id='line_1_9' title="bbox 282 639 1127 682; baseline 0.001 -11"><span class='ocrx_word' id='word_1_40' title='bbox 282 639 480 672; x_wconf 84' lang='lat' dir='ltr'>Dormientis</span> <span class='ocrx_word' id='word_1_41' title='bbox 977 642 1127 682; x_wconf 86' lang='lat' dir='ltr'>Apostoli</span> 
     </span>
     <span class='ocr_line' id='line_1_10' title="bbox 330 689 1369 729; baseline 0.002 -9"><span class='ocrx_word' id='word_1_42' title='bbox 330 697 483 728; x_wconf 85' lang='lat' dir='ltr'>percusso</span> <span class='ocrx_word' id='word_1_43' title='bbox 509 689 611 721; x_wconf 82' lang='lat' dir='ltr'>latere</span> <span class='ocrx_word' id='word_1_44' title='bbox 1032 690 1217 729; x_wconf 88' lang='lat' dir='ltr'>dirumpens</span> <span class='ocrx_word' id='word_1_45' title='bbox 1244 691 1369 723; x_wconf 83' lang='lat' dir='ltr'>vincula</span> 
     </span>
     <span class='ocr_line' id='line_1_11' title="bbox 281 735 1214 777; baseline 0.002 -10"><span class='ocrx_word' id='word_1_46' title='bbox 281 735 371 768; x_wconf 85' lang='lat' dir='ltr'>Dixit</span> <span class='ocrx_word' id='word_1_47' title='bbox 398 736 444 768; x_wconf 86' lang='lat' dir='ltr'>ei:</span> <span class='ocrx_word' id='word_1_48' title='bbox 979 737 1021 768; x_wconf 89' lang='lat' dir='ltr'>Et</span> <span class='ocrx_word' id='word_1_49' title='bbox 1049 742 1214 777; x_wconf 86' lang='lat' dir='ltr'>portarum</span> 
     </span>
     <span class='ocr_line' id='line_1_12' title="bbox 333 783 1385 827; baseline 0.003 -11"><span class='ocrx_word' id='word_1_50' title='bbox 333 784 487 826; x_wconf 86' lang='lat' dir='ltr'>„Festina</span> <span class='ocrx_word' id='word_1_51' title='bbox 513 783 678 825; x_wconf 86' lang='lat' dir='ltr'>surgere.“</span> <span class='ocrx_word' id='word_1_52' title='bbox 1027 784 1174 827; x_wconf 89' lang='lat' dir='ltr'>[tollens]</span> <span class='ocrx_word' id='word_1_53' title='bbox 1201 786 1385 820; x_wconf 81' lang='lat' dir='ltr'>obstacula.</span> 
     </span>
     <span class='ocr_line' id='line_1_13' title="bbox 137 869 1392 912; baseline 0.003 -10"><span class='ocrx_word' id='word_1_54' title='bbox 137 872 199 902; x_wconf 83' lang='lat' dir='ltr'>4a.</span> <span class='ocrx_word' id='word_1_55' title='bbox 236 869 290 902; x_wconf 92' lang='lat' dir='ltr'>Sic</span> <span class='ocrx_word' id='word_1_56' title='bbox 315 871 447 912; x_wconf 84' lang='lat' dir='ltr'>angelus</span> <span class='ocrx_word' id='word_1_57' title='bbox 473 871 557 903; x_wconf 89' lang='lat' dir='ltr'>hunc</span> <span class='ocrx_word' id='word_1_58' title='bbox 583 871 694 903; x_wconf 86' lang='lat' dir='ltr'>eduxit</span> <span class='ocrx_word' id='word_1_59' title='bbox 833 870 895 905; x_wconf 91' lang='lat' dir='ltr'>4b.</span> <span class='ocrx_word' id='word_1_60' title='bbox 930 871 983 903; x_wconf 90' lang='lat' dir='ltr'>Sic</span> <span class='ocrx_word' id='word_1_61' title='bbox 1010 872 1139 903; x_wconf 88' lang='lat' dir='ltr'>delusus</span> <span class='ocrx_word' id='word_1_62' title='bbox 1165 877 1213 904; x_wconf 88' lang='lat' dir='ltr'>est</span> <span class='ocrx_word' id='word_1_63' title='bbox 1242 873 1392 906; x_wconf 84' lang='lat' dir='ltr'>Herodes</span> 
     </span>
     <span class='ocr_line' id='line_1_14' title="bbox 235 918 1430 961; baseline 0.003 -10"><span class='ocrx_word' id='word_1_64' title='bbox 235 918 276 950; x_wconf 90' lang='lat' dir='ltr'>Et</span> <span class='ocrx_word' id='word_1_65' title='bbox 304 919 336 951; x_wconf 94' lang='lat' dir='ltr'>in</span> <span class='ocrx_word' id='word_1_66' title='bbox 355 919 466 951; x_wconf 85' lang='lat' dir='ltr'>urbem</span> <span class='ocrx_word' id='word_1_67' title='bbox 485 920 603 951; x_wconf 88' lang='lat' dir='ltr'>laetum</span> <span class='ocrx_word' id='word_1_68' title='bbox 622 919 769 961; x_wconf 79' lang='lat' dir='ltr'>induxit3</span> <span class='ocrx_word' id='word_1_69' title='bbox 928 919 970 951; x_wconf 91' lang='lat' dir='ltr'>Et</span> <span class='ocrx_word' id='word_1_70' title='bbox 997 920 1125 959; x_wconf 43' lang='lat' dir='ltr'>milite&amp;</span> <span class='ocrx_word' id='word_1_71' title='bbox 1156 921 1243 952; x_wconf 88' lang='lat' dir='ltr'>Petri</span> <span class='ocrx_word' id='word_1_72' title='bbox 1273 923 1430 954; x_wconf 49' lang='lat' dir='ltr'>custodes</span> 
     </span>
     <span class='ocr_line' id='line_1_15' title="bbox 139 1004 1296 1046; baseline 0.001 -9"><span class='ocrx_word' id='word_1_73' title='bbox 139 1007 199 1038; x_wconf 84' lang='lat' dir='ltr'>5a.</span> <span class='ocrx_word' id='word_1_74' title='bbox 231 1005 322 1037; x_wconf 82' lang='lat' dir='ltr'>Tunc</span> <span class='ocrx_word' id='word_1_75' title='bbox 345 1006 477 1046; x_wconf 83' lang='lat' dir='ltr'>angelus</span> <span class='ocrx_word' id='word_1_76' title='bbox 505 1005 588 1037; x_wconf 85' lang='lat' dir='ltr'>hunc</span> <span class='ocrx_word' id='word_1_77' title='bbox 616 1005 750 1045; x_wconf 89' lang='lat' dir='ltr'>dimisit,</span> <span class='ocrx_word' id='word_1_78' title='bbox 833 1004 898 1038; x_wconf 90' lang='lat' dir='ltr'>5b.</span> <span class='ocrx_word' id='word_1_79' title='bbox 932 1006 1007 1037; x_wconf 89' lang='lat' dir='ltr'>Viso</span> <span class='ocrx_word' id='word_1_80' title='bbox 1035 1007 1131 1038; x_wconf 80' lang='lat' dir='ltr'>Petro</span> <span class='ocrx_word' id='word_1_81' title='bbox 1157 1008 1296 1046; x_wconf 85' lang='lat' dir='ltr'>apostoli</span> 
     </span>
     <span class='ocr_line' id='line_1_16' title="bbox 236 1052 1434 1095; baseline 0.003 -11"><span class='ocrx_word' id='word_1_82' title='bbox 236 1053 352 1084; x_wconf 88' lang='lat' dir='ltr'>Petrus</span> <span class='ocrx_word' id='word_1_83' title='bbox 380 1052 497 1085; x_wconf 85' lang='lat' dir='ltr'>fratres</span> <span class='ocrx_word' id='word_1_84' title='bbox 525 1062 596 1085; x_wconf 89' lang='lat' dir='ltr'>mox</span> <span class='ocrx_word' id='word_1_85' title='bbox 623 1054 744 1087; x_wconf 84' lang='lat' dir='ltr'>invisit.</span> <span class='ocrx_word' id='word_1_86' title='bbox 928 1053 1089 1093; x_wconf 85' lang='lat' dir='ltr'>Gaudent,</span> <span class='ocrx_word' id='word_1_87' title='bbox 1118 1053 1258 1087; x_wconf 86' lang='lat' dir='ltr'>factores</span> <span class='ocrx_word' id='word_1_88' title='bbox 1286 1056 1434 1095; x_wconf 71' lang='lat' dir='ltr'>symboli,</span> 
     </span>
     <span class='ocr_line' id='line_1_17' title="bbox 135 1137 1178 1180; baseline 0.001 -9"><span class='ocrx_word' id='word_1_89' title='bbox 135 1139 197 1171; x_wconf 74' lang='grc'>63.</span> <span class='ocrx_word' id='word_1_90' title='bbox 230 1137 439 1171; x_wconf 86' lang='lat' dir='ltr'>Gratulantes</span> <span class='ocrx_word' id='word_1_91' title='bbox 831 1139 894 1173; x_wconf 86' lang='lat' dir='ltr'>6b.</span> <span class='ocrx_word' id='word_1_92' title='bbox 926 1140 1064 1180; x_wconf 86' lang='lat' dir='ltr'>Propter</span> <span class='ocrx_word' id='word_1_93' title='bbox 1091 1151 1178 1173; x_wconf 87' lang='lat' dir='ltr'>suam</span> 
     </span>
     <span class='ocr_line' id='line_1_18' title="bbox 231 1186 1115 1226; baseline 0.002 -8"><span class='ocrx_word' id='word_1_94' title='bbox 231 1186 339 1226; x_wconf 88' lang='lat' dir='ltr'>Atque</span> <span class='ocrx_word' id='word_1_95' title='bbox 366 1188 478 1218; x_wconf 88' lang='lat' dir='ltr'>dantes</span> <span class='ocrx_word' id='word_1_96' title='bbox 926 1188 1115 1220; x_wconf 83' lang='lat' dir='ltr'>Mellifluam</span> 
     </span>
     <span class='ocr_line' id='line_1_19' title="bbox 281 1235 1242 1275; baseline 0.004 -9"><span class='ocrx_word' id='word_1_97' title='bbox 281 1235 418 1267; x_wconf 88' lang='lat' dir='ltr'>Domino</span> <span class='ocrx_word' id='word_1_98' title='bbox 444 1235 579 1275; x_wconf 82' lang='lat' dir='ltr'>gloriam</span> <span class='ocrx_word' id='word_1_99' title='bbox 974 1237 1242 1271; x_wconf 75' lang='lat' dir='ltr'>Misericordiam.</span> 
     </span>
     <span class='ocr_line' id='line_1_20' title="bbox 135 1320 1297 1363; baseline 0.003 -9"><span class='ocrx_word' id='word_1_100' title='bbox 135 1321 195 1355; x_wconf 86' lang='lat' dir='ltr'>7a.</span> <span class='ocrx_word' id='word_1_101' title='bbox 226 1321 326 1363; x_wconf 84' lang='lat' dir='ltr'>Audi,</span> <span class='ocrx_word' id='word_1_102' title='bbox 350 1322 457 1363; x_wconf 88' lang='lat' dir='ltr'>Petre,</span> <span class='ocrx_word' id='word_1_103' title='bbox 485 1320 577 1353; x_wconf 89' lang='lat' dir='ltr'>firma</span> <span class='ocrx_word' id='word_1_104' title='bbox 603 1326 706 1362; x_wconf 78' lang='lat' dir='ltr'>petra,</span> <span class='ocrx_word' id='word_1_105' title='bbox 831 1321 890 1354; x_wconf 88' lang='lat' dir='ltr'>7b.</span> <span class='ocrx_word' id='word_1_106' title='bbox 924 1323 997 1355; x_wconf 90' lang='lat' dir='ltr'>Tibi</span> <span class='ocrx_word' id='word_1_107' title='bbox 1023 1324 1109 1356; x_wconf 86' lang='lat' dir='ltr'>Deus</span> <span class='ocrx_word' id='word_1_108' title='bbox 1137 1325 1183 1356; x_wconf 89' lang='lat' dir='ltr'>ire</span> <span class='ocrx_word' id='word_1_109' title='bbox 1209 1325 1297 1357; x_wconf 89' lang='lat' dir='ltr'>dedit</span> 
     </span>
     <span class='ocr_line' id='line_1_21' title="bbox 274 1368 1235 1413; baseline 0.004 -12"><span class='ocrx_word' id='word_1_110' title='bbox 274 1369 315 1401; x_wconf 86' lang='lat' dir='ltr'>ab</span> <span class='ocrx_word' id='word_1_111' title='bbox 341 1368 461 1402; x_wconf 86' lang='lat' dir='ltr'>inferni</span> <span class='ocrx_word' id='word_1_112' title='bbox 486 1370 537 1402; x_wconf 90' lang='lat' dir='ltr'>via</span> <span class='ocrx_word' id='word_1_113' title='bbox 973 1382 1069 1412; x_wconf 85' lang='lat' dir='ltr'>super</span> <span class='ocrx_word' id='word_1_114' title='bbox 1095 1382 1235 1413; x_wconf 84' lang='lat' dir='ltr'>aequora</span> 
     </span>
     <span class='ocr_line' id='line_1_22' title="bbox 230 1417 1358 1454; baseline 0.004 -5"><span class='ocrx_word' id='word_1_115' title='bbox 230 1417 298 1449; x_wconf 90' lang='lat' dir='ltr'>Nos</span> <span class='ocrx_word' id='word_1_116' title='bbox 326 1418 454 1450; x_wconf 86' lang='lat' dir='ltr'>retrahe</span> <span class='ocrx_word' id='word_1_117' title='bbox 481 1422 513 1449; x_wconf 90' lang='lat' dir='ltr'>et</span> <span class='ocrx_word' id='word_1_118' title='bbox 538 1418 670 1450; x_wconf 86' lang='lat' dir='ltr'>absolve</span> <span class='ocrx_word' id='word_1_119' title='bbox 924 1421 965 1452; x_wconf 89' lang='lat' dir='ltr'>Et</span> <span class='ocrx_word' id='word_1_120' title='bbox 993 1422 1133 1452; x_wconf 85' lang='lat' dir='ltr'>omnium</span> <span class='ocrx_word' id='word_1_121' title='bbox 1160 1421 1358 1454; x_wconf 88' lang='lat' dir='ltr'>infirmorum</span> 
     </span>
     <span class='ocr_line' id='line_1_23' title="bbox 279 1466 1259 1512; baseline 0.005 -15"><span class='ocrx_word' id='word_1_122' title='bbox 279 1466 389 1498; x_wconf 86' lang='lat' dir='ltr'>divina</span> <span class='ocrx_word' id='word_1_123' title='bbox 415 1467 530 1507; x_wconf 84' lang='lat' dir='ltr'>gratia,</span> <span class='ocrx_word' id='word_1_124' title='bbox 972 1478 1086 1500; x_wconf 87' lang='lat' dir='ltr'>sanare</span> <span class='ocrx_word' id='word_1_125' title='bbox 1113 1478 1259 1512; x_wconf 80' lang='lat' dir='ltr'>corpora,</span> 
     </span>
     <span class='ocr_line' id='line_1_24' title="bbox 231 1513 1299 1556; baseline 0.004 -10"><span class='ocrx_word' id='word_1_126' title='bbox 231 1513 290 1546; x_wconf 90' lang='lat' dir='ltr'>Cui</span> <span class='ocrx_word' id='word_1_127' title='bbox 316 1514 438 1554; x_wconf 81' lang='lat' dir='ltr'>ligandi</span> <span class='ocrx_word' id='word_1_128' title='bbox 465 1519 496 1546; x_wconf 92' lang='lat' dir='ltr'>et</span> <span class='ocrx_word' id='word_1_129' title='bbox 522 1515 668 1547; x_wconf 82' lang='lat' dir='ltr'>solvendi</span> <span class='ocrx_word' id='word_1_130' title='bbox 924 1518 1063 1556; x_wconf 79' lang='lat' dir='ltr'>Aperire</span> <span class='ocrx_word' id='word_1_131' title='bbox 1090 1523 1120 1549; x_wconf 90' lang='lat' dir='ltr'>et</span> <span class='ocrx_word' id='word_1_132' title='bbox 1148 1519 1299 1550; x_wconf 84' lang='lat' dir='ltr'>claudere</span> 
     </span>
     <span class='ocr_line' id='line_1_25' title="bbox 279 1562 1283 1606; baseline 0.005 -12"><span class='ocrx_word' id='word_1_133' title='bbox 279 1562 355 1594; x_wconf 89' lang='lat' dir='ltr'>data</span> <span class='ocrx_word' id='word_1_134' title='bbox 381 1567 429 1594; x_wconf 89' lang='lat' dir='ltr'>est</span> <span class='ocrx_word' id='word_1_135' title='bbox 455 1563 610 1603; x_wconf 85' lang='lat' dir='ltr'>potentia.</span> <span class='ocrx_word' id='word_1_136' title='bbox 973 1566 1125 1598; x_wconf 89' lang='lat' dir='ltr'>caelestia</span> <span class='ocrx_word' id='word_1_137' title='bbox 1152 1567 1283 1606; x_wconf 75' lang='lat' dir='ltr'>palatia.</span> 
     </span>
     <span class='ocr_line' id='line_1_26' title="bbox 131 1649 1440 1694; baseline 0.004 -12"><span class='ocrx_word' id='word_1_138' title='bbox 131 1650 192 1684; x_wconf 77' lang='lat' dir='ltr'>Sa.</span> <span class='ocrx_word' id='word_1_139' title='bbox 226 1649 334 1691; x_wconf 89' lang='lat' dir='ltr'>Petre,</span> <span class='ocrx_word' id='word_1_140' title='bbox 361 1650 483 1690; x_wconf 87' lang='lat' dir='ltr'>palmes</span> <span class='ocrx_word' id='word_1_141' title='bbox 510 1658 605 1683; x_wconf 86' lang='lat' dir='ltr'>verae</span> <span class='ocrx_word' id='word_1_142' title='bbox 633 1651 718 1690; x_wconf 78' lang='lat' dir='ltr'>vitis,</span> <span class='ocrx_word' id='word_1_143' title='bbox 829 1651 890 1685; x_wconf 89' lang='lat' dir='ltr'>8b.</span> <span class='ocrx_word' id='word_1_144' title='bbox 925 1652 991 1684; x_wconf 91' lang='lat' dir='ltr'>Nos</span> <span class='ocrx_word' id='word_1_145' title='bbox 1018 1652 1149 1685; x_wconf 77' lang='lat' dir='ltr'>absolve</span> <span class='ocrx_word' id='word_1_146' title='bbox 1176 1663 1296 1694; x_wconf 91' lang='lat' dir='ltr'>nosque</span> <span class='ocrx_word' id='word_1_147' title='bbox 1323 1656 1440 1687; x_wconf 73' lang='lat' dir='ltr'>munda</span> 
     </span>
     <span class='ocr_line' id='line_1_27' title="bbox 229 1697 1440 1742; baseline 0.004 -12"><span class='ocrx_word' id='word_1_148' title='bbox 229 1697 296 1730; x_wconf 91' lang='lat' dir='ltr'>Nos</span> <span class='ocrx_word' id='word_1_149' title='bbox 323 1698 466 1738; x_wconf 88' lang='lat' dir='ltr'>absolve,</span> <span class='ocrx_word' id='word_1_150' title='bbox 492 1702 605 1739; x_wconf 85' lang='lat' dir='ltr'>pastor</span> <span class='ocrx_word' id='word_1_151' title='bbox 630 1699 727 1739; x_wconf 84' lang='lat' dir='ltr'>mitis,</span> <span class='ocrx_word' id='word_1_152' title='bbox 925 1700 1055 1741; x_wconf 83' lang='lat' dir='ltr'>Nosque</span> <span class='ocrx_word' id='word_1_153' title='bbox 1082 1702 1204 1742; x_wconf 90' lang='lat' dir='ltr'>perduc</span> <span class='ocrx_word' id='word_1_154' title='bbox 1232 1703 1273 1734; x_wconf 88' lang='lat' dir='ltr'>ad</span> <span class='ocrx_word' id='word_1_155' title='bbox 1300 1703 1440 1736; x_wconf 81' lang='lat' dir='ltr'>iucunda</span> 
     </span>
     <span class='ocr_line' id='line_1_28' title="bbox 274 1746 1365 1787; baseline 0.005 -9"><span class='ocrx_word' id='word_1_156' title='bbox 274 1746 327 1779; x_wconf 86' lang='lat' dir='ltr'>Ab</span> <span class='ocrx_word' id='word_1_157' title='bbox 353 1747 438 1779; x_wconf 93' lang='lat' dir='ltr'>omni</span> <span class='ocrx_word' id='word_1_158' title='bbox 461 1748 635 1787; x_wconf 78' lang='lat' dir='ltr'>spurcitia3</span> <span class='ocrx_word' id='word_1_159' title='bbox 973 1750 1164 1783; x_wconf 87' lang='lat' dir='ltr'>Sanctorum</span> <span class='ocrx_word' id='word_1_160' title='bbox 1193 1752 1365 1787; x_wconf 78' lang='lat' dir='ltr'>consortia,</span> 
     </span>
    </p>
   </div>
   <div class='ocr_carea' id='block_1_2' title="bbox 498 1835 1062 1967">
    <p class='ocr_par' dir='ltr' id='par_1_2' title="bbox 498 1835 1062 1967">
     <span class='ocr_line' id='line_1_29' title="bbox 498 1835 1062 1878; baseline 0.002 -10"><span class='ocrx_word' id='word_1_161' title='bbox 498 1837 529 1868; x_wconf 76' lang='lat'>9.</span> <span class='ocrx_word' id='word_1_162' title='bbox 558 1835 601 1869; x_wconf 89' lang='lat' dir='ltr'>Ut</span> <span class='ocrx_word' id='word_1_163' title='bbox 628 1844 756 1877; x_wconf 88' lang='lat' dir='ltr'>semper</span> <span class='ocrx_word' id='word_1_164' title='bbox 781 1845 838 1869; x_wconf 89' lang='lat' dir='ltr'>nos</span> <span class='ocrx_word' id='word_1_165' title='bbox 865 1837 1062 1878; x_wconf 85' lang='lat' dir='ltr'>gaudeamus</span> 
     </span>
     <span class='ocr_line' id='line_1_30' title="bbox 606 1884 1040 1927; baseline 0.002 -10"><span class='ocrx_word' id='word_1_166' title='bbox 606 1884 684 1917; x_wconf 89' lang='lat' dir='ltr'>Cum</span> <span class='ocrx_word' id='word_1_167' title='bbox 711 1885 841 1919; x_wconf 88' lang='lat' dir='ltr'>Christo</span> <span class='ocrx_word' id='word_1_168' title='bbox 867 1886 899 1917; x_wconf 92' lang='lat' dir='ltr'>in</span> <span class='ocrx_word' id='word_1_169' title='bbox 927 1886 1040 1927; x_wconf 79' lang='lat' dir='ltr'>gloria,</span> 
     </span>
     <span class='ocr_line' id='line_1_31' title="bbox 607 1933 960 1967; baseline 0.006 -2"><span class='ocrx_word' id='word_1_170' title='bbox 607 1933 780 1966; x_wconf 88' lang='lat' dir='ltr'>Cantemus</span> <span class='ocrx_word' id='word_1_171' title='bbox 806 1934 960 1967; x_wconf 86' lang='lat' dir='ltr'>Alleluia.</span> 
     </span>
    </p>
   </div>
   <div class='ocr_carea' id='block_1_3' title="bbox 127 2016 1462 2093">
    <p class='ocr_par' dir='ltr' id='par_1_3' title="bbox 127 2016 1462 2093">
     <span class='ocr_line' id='line_1_32' title="bbox 205 2016 1462 2057; baseline 0.005 -12"><span class='ocrx_word' id='word_1_172' title='bbox 205 2017 289 2046; x_wconf 85' lang='lat' dir='ltr'>Miss.</span> <span class='ocrx_word' id='word_1_173' title='bbox 318 2016 488 2047; x_wconf 86' lang='lat' dir='ltr'>Morinense</span> <span class='ocrx_word' id='word_1_174' title='bbox 518 2020 587 2056; x_wconf 89' lang='lat' dir='ltr'>imp.</span> <span class='ocrx_word' id='word_1_175' title='bbox 617 2019 796 2057; x_wconf 84' lang='lat' dir='ltr'>Rothomagi</span> <span class='ocrx_word' id='word_1_176' title='bbox 826 2019 908 2048; x_wconf 89' lang='lat'>1516.</span> <span class='ocrx_word' id='word_1_177' title='bbox 932 2036 966 2039; x_wconf 94' lang='lat'>—-</span> <span class='ocrx_word' id='word_1_178' title='bbox 1002 2021 1057 2056; x_wconf 83' lang='lat' dir='ltr'>la,</span> <span class='ocrx_word' id='word_1_179' title='bbox 1085 2020 1102 2049; x_wconf 82' lang='lat'>2</span> <span class='ocrx_word' id='word_1_180' title='bbox 1130 2023 1162 2049; x_wconf 88' lang='lat' dir='ltr'>Iu</span> <span class='ocrx_word' id='word_1_181' title='bbox 1192 2023 1401 2052; x_wconf 75' lang='lat' dir='ltr'>sollemnitate.</span> <span class='ocrx_word' id='word_1_182' title='bbox 1425 2039 1462 2044; x_wconf 95' lang='lat'>—</span> 
     </span>
     <span class='ocr_line' id='line_1_33' title="bbox 127 2052 1049 2093; baseline 0.005 -10"><span class='ocrx_word' id='word_1_183' title='bbox 127 2052 181 2090; x_wconf 90' lang='lat' dir='ltr'>3b,</span> <span class='ocrx_word' id='word_1_184' title='bbox 206 2055 220 2083; x_wconf 95' lang='lat' dir='ltr'>l</span> <span class='ocrx_word' id='word_1_185' title='bbox 243 2065 371 2086; x_wconf 83' lang='lat' dir='ltr'>carcere.</span> <span class='ocrx_word' id='word_1_186' title='bbox 395 2072 429 2076; x_wconf 90' lang='lat'>—</span> <span class='ocrx_word' id='word_1_187' title='bbox 451 2056 505 2093; x_wconf 74' lang='lat'>4³,</span> <span class='ocrx_word' id='word_1_188' title='bbox 528 2056 546 2085; x_wconf 84' lang='lat'>2</span> <span class='ocrx_word' id='word_1_189' title='bbox 565 2058 657 2086; x_wconf 81' lang='lat' dir='ltr'>duxit.</span> <span class='ocrx_word' id='word_1_190' title='bbox 681 2075 717 2079; x_wconf 96' lang='lat'>—</span> <span class='ocrx_word' id='word_1_191' title='bbox 738 2057 765 2092; x_wconf 86' lang='lat'>9,</span> <span class='ocrx_word' id='word_1_192' title='bbox 786 2057 804 2087; x_wconf 88' lang='lat'>3</span> <span class='ocrx_word' id='word_1_193' title='bbox 825 2059 865 2088; x_wconf 79' lang='lat' dir='ltr'>Et</span> <span class='ocrx_word' id='word_1_194' title='bbox 886 2064 1049 2088; x_wconf 82' lang='lat' dir='ltr'>cantemus.</span> 
     </span>
    </p>
   </div>
   <div class='ocr_carea' id='block_1_4' title="bbox 532 2211 1060 2245">
    <p class='ocr_par' dir='ltr' id='par_1_4' title="bbox 532 2211 1060 2245">
     <span class='ocr_line' id='line_1_34' title="bbox 532 2211 1060 2245; baseline 0.008 -4"><span class='ocrx_word' id='word_1_195' title='bbox 532 2211 600 2243; x_wconf 85' lang='lat'>272.</span> <span class='ocrx_word' id='word_1_196' title='bbox 643 2211 676 2242; x_wconf 91' lang='lat' dir='ltr'>ln</span> <span class='ocrx_word' id='word_1_197' title='bbox 697 2220 721 2243; x_wconf 80' lang='lat' dir='ltr'>s.</span> <span class='ocrx_word' id='word_1_198' title='bbox 743 2212 831 2244; x_wconf 87' lang='lat' dir='ltr'>Petri</span> <span class='ocrx_word' id='word_1_199' title='bbox 854 2212 894 2244; x_wconf 79' lang='lat' dir='ltr'>acl</span> <span class='ocrx_word' id='word_1_200' title='bbox 916 2213 1060 2245; x_wconf 79' lang='lat' dir='ltr'>Vincula.</span> 
     </span>
    </p>
   </div>
   <div class='ocr_carea' id='block_1_5' title="bbox 127 2299 1244 2528">
    <p class='ocr_par' dir='ltr' id='par_1_5' title="bbox 127 2299 1244 2528">
     <span class='ocr_line' id='line_1_35' title="bbox 129 2299 1075 2339; baseline 0.004 -7"><span class='ocrx_word' id='word_1_201' title='bbox 129 2299 189 2333; x_wconf 90' lang='lat' dir='ltr'>la.</span> <span class='ocrx_word' id='word_1_202' title='bbox 221 2299 348 2334; x_wconf 84' lang='lat' dir='ltr'>Gaudia</span> <span class='ocrx_word' id='word_1_203' title='bbox 829 2303 891 2339; x_wconf 90' lang='lat' dir='ltr'>lb.</span> <span class='ocrx_word' id='word_1_204' title='bbox 922 2305 1075 2337; x_wconf 88' lang='lat' dir='ltr'>Aetheris</span> 
     </span>
     <span class='ocr_line' id='line_1_36' title="bbox 224 2348 1231 2395; baseline 0.003 -13"><span class='ocrx_word' id='word_1_205' title='bbox 224 2348 317 2382; x_wconf 92' lang='lat' dir='ltr'>nobis</span> <span class='ocrx_word' id='word_1_206' title='bbox 342 2350 451 2391; x_wconf 84' lang='lat' dir='ltr'>opima</span> <span class='ocrx_word' id='word_1_207' title='bbox 921 2362 1050 2393; x_wconf 87' lang='lat' dir='ltr'>semper</span> <span class='ocrx_word' id='word_1_208' title='bbox 1075 2353 1231 2395; x_wconf 86' lang='lat' dir='ltr'>condona,</span> 
     </span>
     <span class='ocr_line' id='line_1_37' title="bbox 127 2435 1244 2481; baseline 0.004 -12"><span class='ocrx_word' id='word_1_209' title='bbox 127 2437 190 2471; x_wconf 83' lang='lat' dir='ltr'>2a.</span> <span class='ocrx_word' id='word_1_210' title='bbox 222 2435 318 2470; x_wconf 90' lang='lat' dir='ltr'>Cuius</span> <span class='ocrx_word' id='word_1_211' title='bbox 343 2437 457 2471; x_wconf 83' lang='lat' dir='ltr'>inclita</span> <span class='ocrx_word' id='word_1_212' title='bbox 824 2439 888 2474; x_wconf 91' lang='lat' dir='ltr'>2b.</span> <span class='ocrx_word' id='word_1_213' title='bbox 919 2441 1089 2474; x_wconf 82' lang='lat' dir='ltr'>Potentum</span> <span class='ocrx_word' id='word_1_214' title='bbox 1116 2444 1244 2481; x_wconf 83' lang='lat' dir='ltr'>sceptra</span> 
     </span>
     <span class='ocr_line' id='line_1_38' title="bbox 224 2486 1146 2528; baseline 0.003 -10"><span class='ocrx_word' id='word_1_215' title='bbox 224 2494 284 2528; x_wconf 88' lang='lat' dir='ltr'>per</span> <span class='ocrx_word' id='word_1_216' title='bbox 307 2486 419 2520; x_wconf 89' lang='lat' dir='ltr'>orbem</span> <span class='ocrx_word' id='word_1_217' title='bbox 445 2487 518 2520; x_wconf 88' lang='lat' dir='ltr'>iura</span> <span class='ocrx_word' id='word_1_218' title='bbox 920 2488 1040 2521; x_wconf 88' lang='lat' dir='ltr'>subicis</span> <span class='ocrx_word' id='word_1_219' title='bbox 1067 2487 1146 2523; x_wconf 75' lang='lat' dir='ltr'>fera:</span> 
     </span>
    </p>
   </div>
   <div class='ocr_carea' id='block_1_6' title="bbox 1224 2546 1284 2575">
    <p class='ocr_par' dir='ltr' id='par_1_6' title="bbox 1224 2546 1284 2575">
     <span class='ocr_line' id='line_1_39' title="bbox 1224 2546 1284 2575; baseline 0 0"><span class='ocrx_word' id='word_1_220' title='bbox 1224 2546 1284 2575; x_wconf 77' lang='lat'>16*</span> 
     </span>
    </p>
   </div>
  </div>
 </body>
</html>
