1655 2713
177 346 236 380 la.

175 537 235 569 2a.

174 731 234 764 3a.

172 924 232 957 4a.

171 1119 230 1149 5a.

170 1309 230 1342 6a.

172 1501 232 1535 7a.

169 1693 229 1726 8a.

165 1889 226 1919 9a.

142 2079 184 2112 10
195 2089 223 2112 a.

139 2322 222 2356 lla.

699 156 934 192 -85-

507 277 554 309 85.
598 279 640 310 Dc
661 286 685 309 s.
707 278 889 310 Bernhardo
911 279 948 310 de
969 279 1123 311 Mentone.

275 344 477 379 confessoris
503 349 625 392 egregii

271 394 478 428 Celebremus
503 406 560 428 nos
584 398 663 429 socii

320 443 501 475 Bernhardi
527 446 704 478 sollemnia.

272 538 438 578 Augustae
463 540 676 581 Archilevita,

270 585 339 617 Deo
365 591 475 627 gratus
501 589 610 629 verbo,
638 589 704 621 vita

318 634 435 667 Fiebat
462 645 520 676 per
546 638 661 670 omnia.

269 731 395 764 Monita
420 732 452 764 in
477 733 611 765 caritate

271 780 495 812 Praedicando
520 781 614 821 longe
640 781 704 813 late

319 827 427 859 Dabat
451 829 616 863 salutaria.

270 924 416 956 Pretiosa
443 933 512 955 cum
537 924 656 956 habere

268 972 468 1004 Vestimenta
493 977 603 1012 posset
630 982 715 1015 vere,

318 1020 474 1052 Portabat
501 1020 617 1054 cilicia.

267 1117 380 1148 Potum
413 1126 473 1148 uva
498 1127 561 1149 non
588 1117 777 1156 praebebat,

267 1165 391 1204 Aquam
419 1174 493 1196 raro
519 1165 566 1196 sic
589 1165 732 1204 bibebat,

314 1213 450 1252 Saepius
475 1213 656 1253 absynthia.

268 1308 317 1341 Ibi
345 1309 448 1348 panis,
476 1309 594 1348 vinum,
623 1310 712 1351 ligna

268 1356 437 1396 Nunquam
449 1362 607 1398 crescunt,
620 1358 676 1389 sed
684 1358 822 1398 maligna

314 1404 395 1437 Sunt
419 1405 465 1436 ibi
491 1406 652 1438 contraria
663 1417 671 1447 ς

267 1501 297 1533 A
321 1500 511 1533 Bernhardo
537 1500 624 1534 facta
651 1503 744 1536 domo

269 1550 366 1581 Istam
394 1549 462 1580 adit
489 1550 623 1590 quisque
650 1551 754 1589 homo,

317 1595 424 1628 Habet
450 1599 652 1641 necessaria3

270 1693 363 1724 Nunc
380 1693 559 1726 Bernhardi
575 1694 776 1735 proferamus

265 1741 363 1782 Signa
388 1741 456 1772 eius
482 1746 512 1773 et
541 1743 683 1775 dicamus

316 1789 468 1832 Virtutes,
495 1791 655 1832 prodigia.

266 1885 431 1927 „Montem
448 1888 533 1919 Iovis
553 1889 775 1929 ascendamus,

261 1934 434 1976 Hospitale
460 1944 687 1977 componamus

307 1983 436 2015 Summa
463 1985 552 2024 rupis
579 1985 612 2017 in
639 1985 700 2019 via.
710 1985 723 1999 “

261 2079 364 2112 Caeco
389 2081 490 2113 visum
518 2083 724 2120 restauravit,

260 2128 371 2160 Sterili
397 2130 491 2162 matri
519 2131 652 2163 donavit

258 2177 406 2220 Puerum,
434 2187 527 2219 quem
551 2179 631 2212 haec
650 2179 775 2220 rogavit

309 2227 345 2258 In
372 2227 440 2259 vita
465 2228 567 2260 sancti
595 2228 660 2268 pia.

256 2322 321 2354 Hic
345 2332 477 2355 avarum
506 2324 719 2365 praedicavit,

258 2371 447 2412 Paupertati
475 2372 660 2415 destinavit,

255 2419 374 2452 Exitus
399 2421 485 2462 quod
512 2422 738 2464 comprobavit

304 2469 392 2510 Ignis
418 2472 509 2510 peste
534 2471 642 2504 anxia.

871 350 931 384 lb.
967 351 1131 384 Generosa
1156 351 1257 391 stirpe
1283 355 1376 383 natus

965 399 1111 430 Moribus
1138 399 1189 430 bic
1215 403 1388 432 exornatus

1012 447 1089 479 Fuit
1113 447 1154 479 ab
1180 446 1327 480 infantia.

870 542 931 575 2b.
967 542 1075 575 Plebis
1101 542 1147 574 ibi
1174 543 1379 586 christianae,

964 591 1071 624 Verba
1095 591 1180 622 vitae
1207 590 1314 623 ferens
1340 601 1447 631 sanae,

1011 639 1223 680 Exstirpabat
1252 641 1339 674 vitia.

869 734 930 767 3b.
967 735 1115 767 Ieiunans
1142 735 1194 766 bic
1220 736 1385 778 vigilabat,

966 783 1026 814 Pro
1053 792 1086 814 se
1113 787 1144 814 et
1170 784 1278 816 multis
1305 785 1429 825 orabat,

1013 832 1055 864 Ut
1082 832 1213 863 daretur
1241 834 1343 866 venia.

866 926 929 959 4b.
967 928 1054 959 Pane
1081 928 1161 959 duro
1188 928 1390 967 vescebatur,

962 976 1070 1015 Asper
1095 977 1149 1015 qui
1175 977 1246 1016 plus
1273 977 1446 1009 videbatur

1014 1024 1049 1055 In
1077 1028 1143 1055 tota
1171 1025 1346 1064 provincia.

865 1118 928 1152 5b.
966 1119 1102 1151 Domum
1130 1118 1206 1151 feeit
1235 1121 1390 1159 caritatis,

963 1167 1024 1200 Ubi
1054 1169 1129 1199 data
1156 1168 1275 1200 dantur
1301 1170 1412 1209 gratis,

1011 1216 1078 1247 Nec
1102 1220 1301 1256 quaeruntur
1319 1219 1472 1258 praemia.

859 1311 919 1344 6b.
958 1312 1021 1344 Nix
1049 1316 1080 1344 et
1104 1314 1206 1353 algor,
1235 1314 1286 1345 via
1313 1314 1405 1353 dura,

958 1361 1089 1400 Fumus,
1118 1361 1217 1393 nubes
1244 1366 1275 1392 et
1303 1362 1440 1394 obscura

1009 1409 1089 1441 Sunt
1114 1409 1159 1441 ibi
1186 1411 1350 1450 perennia.

868 1504 928 1538 7b.
966 1506 1032 1537 Ista
1059 1505 1170 1537 domus
1197 1514 1324 1546 semper
1350 1511 1449 1546 patet.

962 1553 1156 1584 Procurator
1184 1563 1343 1593 nunquam
1371 1555 1450 1586 latet

1012 1602 1191 1642 Propinans
1218 1602 1349 1635 cibaria.

864 1696 926 1730 8b.
960 1697 1112 1729 Nicolaus
1142 1699 1303 1739 apparuit,

959 1747 1150 1786 Peregrinus
1179 1748 1264 1778 visus
1290 1746 1360 1785 fuit,

1007 1794 1124 1826 Sancto
1152 1795 1233 1826 dixit
1260 1795 1354 1828 talia:

862 1890 924 1923 9b.
956 1891 1021 1922 Ista
1049 1891 1161 1923 domus
1190 1890 1369 1924 fabricatur

959 1940 1071 1971 Tantis
1100 1940 1177 1971 viris
1204 1944 1234 1971 et
1263 1941 1403 1983 dotatur,

1006 1988 1135 2020 Habent
1162 1988 1328 2023 beneficia.

834 2084 919 2118 10b.
956 2085 1080 2117 Pestem
1115 2086 1225 2125 perdit
1261 2086 1472 2124 locustarum,

952 2135 1039 2174 Quae
1054 2134 1213 2165 nocebant
1228 2138 1257 2165 et
1269 2144 1331 2166 non
1343 2144 1473 2176 parum,

954 2182 997 2213 Et
1023 2192 1146 2214 morsus
1174 2182 1393 2223 bestiolarum,

1006 2231 1063 2262 Via
1089 2234 1159 2262 erat
1189 2230 1287 2263 invia.

835 2326 875 2358 11
891 2326 921 2360 b.
955 2327 1036 2358 Adit
1062 2327 1195 2358 Romam
1222 2336 1279 2358 rex
1299 2327 1470 2370 Henricus,

953 2375 1075 2407 Perdat
1102 2384 1221 2416 papam
1240 2375 1325 2415 quod
1344 2375 1473 2416 iniquus

953 2423 1052 2456 Malis
1078 2433 1137 2463 pro
1164 2423 1421 2463 imminentibus·,

1003 2472 1138 2513 Cognita
1163 2472 1288 2504 malitia
