1655 2713
706 163 964 198 —284—

198 264 256 296 7a.
288 263 370 295 Dum
398 264 482 295 Deus
511 263 549 294 de
576 261 726 303 praemio,

290 312 424 343 Praeses
452 311 491 342 de
517 309 673 349 supplicio

340 359 415 390 Vice
442 362 579 390 tractant
605 357 702 395 varia,

196 446 253 478 Sa.
286 444 432 476 Proiecto
458 453 476 474 a
503 442 583 473 facie

291 492 461 523 Hominum
489 495 518 521 et
546 490 666 521 bestiae

338 540 485 571 Serviunt
512 541 543 569 et
568 538 686 569 maria:

193 627 252 657 9a.
285 625 370 660 Tuis,
399 628 531 664 martyr,
559 623 708 663 precibus

287 672 381 704 Salva
408 682 464 703 nos
489 672 529 703 ab
556 671 710 710 hostibus,

334 720 413 750 Dele
440 724 549 750 nostra
577 720 665 751 vitia.

882 260 943 293 7b.
975 260 1013 292 In
1039 259 1114 290 lecti
1142 258 1279 290 mollitie

975 307 1082 339 Mutat
1108 315 1227 347 poenas
1253 306 1386 348 gloriae,

1027 355 1180 386 Terrenis
1208 354 1370 388 caelestia.

885 440 946 474 8b.
977 441 1058 472 Avis
1084 443 1191 472 servat
1217 444 1387 478 mortuum,

982 489 1074 520 Mare
1100 487 1164 519 fert
1190 488 1360 520 innocuum

1029 537 1082 568 Ad
1109 540 1266 568 terrarum
1292 536 1408 576 spatia.

883 623 945 657 9b.
976 623 1048 654 Duc
1073 632 1132 654 nos
1159 622 1200 654 ad
1226 622 1358 663 palatia,

978 670 1042 703 Ubi
1069 680 1139 702 curn
1166 671 1290 702 laetitia

1024 719 1196 751 Cantemus
1222 719 1374 753 Alleluia.

246 805 327 831 Miss.
354 805 570 831 Matisconense
598 806 666 837 imp.
695 804 833 840 Lugduni
864 802 945 831 1532.
974 819 1007 822 -—
1037 803 1094 835 6b,
1123 802 1140 831 3
1169 804 1306 839 repletur.
1329 819 1365 824 —
1386 802 1442 835 Sa,
1473 803 1491 832 3

168 843 323 869 Det-erunt
344 847 372 869 ct
393 844 502 875 macia;
524 843 694 870 deserviunt
716 845 754 870 ist
777 843 933 878 dreisilbig
953 852 989 869 zu
1010 843 1100 870 lesen.

546 1012 609 1042 321.
652 1012 692 1042 De
716 1020 740 1042 s.
763 1011 927 1042 Vincentio
949 1012 1102 1043 Feri-erio.

195 1110 252 1144 la.
285 1110 407 1152 Gaude,
436 1110 554 1142 Christi
582 1111 725 1149 ecclesia,

287 1157 385 1189 Festa
412 1158 530 1189 ducens
556 1158 723 1189 sollemnia

335 1205 428 1236 Tanti
455 1205 547 1236 huius
575 1204 775 1247 confessoris,

192 1291 251 1322 22.
282 1290 358 1321 Zelo
385 1294 506 1321 tractus
532 1299 741 1330 supernorum

288 1337 410 1368 Statum
439 1338 519 1377 petit
545 1338 761 1377 professorum

335 1385 399 1416 Sub
425 1389 534 1416 sancto
561 1386 745 1426 Dominico;

193 1471 252 1502 3a.
285 1470 470 1500 Vincentius
495 1474 581 1501 recte
608 1471 722 1510 dictus,

288 1518 349 1548 Per
366 1526 456 1556 quem
474 1517 566 1549 homo
584 1523 631 1549 est
650 1519 793 1551 devictus

333 1565 417 1596 Mira
444 1574 512 1596 cum
540 1566 683 1597 victoria.

191 1652 249 1682 4a.
282 1651 318 1682 In
346 1651 458 1681 studiis
484 1651 531 1682 sic
556 1651 702 1693 profecit,

284 1698 373 1737 Quod
398 1698 558 1737 profunda
583 1698 735 1738 patefecit

330 1745 447 1777 Divina
471 1747 622 1780 sacraria.

192 1827 250 1856 52.
281 1825 431 1857 Veritatis
458 1827 670 1865 praedicator,

287 1872 403 1904 Sacrae
429 1874 507 1912 legis
533 1875 708 1906 aemulator

333 1920 431 1952 Verbi
458 1920 547 1953 fulsit
572 1924 684 1962 gratia.

188 2001 247 2032 Ga.
282 1999 378 2032 Nulla
402 2009 490 2032 mens
516 2002 561 2033 ita
586 2004 731 2042 obscura,

283 2047 380 2079 Nulla
406 2049 503 2080 corda
528 2050 573 2081 ita
599 2050 680 2081 dura

327 2096 482 2128 Tenebris
509 2097 659 2137 malitiae,

187 2177 245 2209 7a.
276 2177 338 2208 Hic
364 2186 488 2210 errores
513 2179 682 2218 pravitatis

282 2225 388 2257 Verbo
413 2227 490 2257 vicit
516 2227 671 2269 veritatis,

327 2273 505 2313 splendore
531 2275 693 2307 scientiae.

186 2354 245 2388 Sa.
274 2355 373 2394 Quam
399 2355 538 2388 illustrat
566 2360 597 2388 et
622 2357 758 2390 adornat

280 2402 322 2434 Et
350 2403 464 2436 dilatat
490 2408 522 2436 et
548 2403 700 2437 fecundat

326 2450 473 2484 Gentium
502 2453 725 2497 multitudine;

881 1110 941 1143 lb.
973 1112 1032 1149 Qui
1059 1112 1091 1142 in
1119 1113 1215 1143 caelis
1243 1116 1414 1145 coronatus

972 1158 1032 1190 Est
1058 1164 1213 1198 patronus
1239 1160 1332 1192 nobis
1359 1161 1454 1192 datus

1020 1207 1092 1238 Iesu
1121 1207 1202 1239 dono
1229 1208 1411 1242 salvatoris,

882 1293 900 1324 2
915 1292 945 1324 b.
978 1293 1070 1324 Hunc
1089 1293 1251 1332 ingressus
1271 1298 1300 1324 et
1320 1293 1486 1333 professus

976 1341 1038 1373 Per
1064 1341 1198 1372 virtutes
1223 1345 1271 1372 est
1295 1351 1486 1382 progressus

1021 1388 1141 1420 Ordine
1168 1388 1312 1424 mirifico,

879 1472 940 1506 3b.
971 1473 1067 1504 Lucis
1093 1475 1190 1505 armis
1215 1475 1438 1512 communitus,

974 1521 1076 1553 Cruce
1103 1521 1225 1554 Christi
1251 1523 1423 1563 insignitus

1020 1569 1116 1601 Nulla
1143 1574 1238 1609 pavet
1258 1571 1373 1604 iacula.

877 1653 939 1687 4b.
971 1654 1097 1686 Laurea
1123 1655 1354 1688 condecoratus

970 1702 1124 1734 Omnibus
1148 1707 1195 1734 est
1221 1713 1331 1735 norma
1358 1703 1463 1736 faetus

1017 1750 1132 1782 Clarae
1157 1751 1346 1790 sapientiae.

875 1829 936 1862 5b.
966 1830 1051 1862 Mira
1077 1831 1178 1863 virtus
1204 1832 1237 1863 in
1263 1842 1420 1868 sermone,

969 1877 1139 1919 Splendor,
1176 1879 1264 1911 calor
1288 1884 1322 1911 ut
1347 1881 1379 1912 in
1405 1882 1483 1921 sole,

1016 1925 1112 1958 Cuius
1137 1931 1169 1958 ut
1196 1927 1258 1958 mel
1283 1928 1418 1968 eloquia.

873 2004 933 2038 6b.
965 2006 1051 2045 Quae
1078 2015 1139 2038 non
1167 2011 1267 2038 mutet
1291 2012 1321 2039 et
1339 2010 1480 2043 resolvat

966 2053 1016 2085 Ac
1040 2054 1180 2086 illustret
1208 2060 1238 2086 et
1265 2056 1397 2089 inducat

1011 2101 1064 2133 Ad
1090 2106 1164 2134 vota
1188 2104 1415 2142 paenitentiae.

872 2181 933 2214 7b.
965 2182 1055 2215 Sicut
1080 2183 1178 2216 verbo
1202 2184 1448 2226 firmamentum,

966 2230 1020 2262 Sic
1044 2232 1191 2272 exemplo
1217 2238 1437 2268 ornamentum

1013 2278 1132 2311 Factus
1159 2284 1206 2312 est
1233 2283 1399 2317 ecclesiae.

873 2358 935 2394 8b.
968 2360 1046 2392 Voci
1072 2361 1137 2393 vita
1163 2371 1296 2396 concors
1322 2363 1384 2398 fuit

967 2408 1147 2449 Implendo,
1173 2411 1329 2452 quidquid
1357 2415 1477 2460 docuit,

1015 2457 1153 2491 Excelso
1179 2469 1302 2494 morum
1326 2463 1476 2501 culmine.
