1655 2713
745 161 1005 198 —283—

235 249 298 284 fia.
330 249 441 284 Sancti
467 259 603 287 narrant
628 257 828 298 Augustinus

329 298 375 330 Et
399 300 592 335 Ambrosius
617 314 680 337 non
708 306 812 339 minus

378 347 482 381 Huius
508 353 659 392 martyris
685 358 785 394 gesta.

934 260 998 294 6b.

234 432 294 467 7a.
325 433 381 466 Fit
410 439 566 468 testarum
595 440 756 478 asperitas

328 482 417 514 Mira
443 482 557 516 florum
583 488 738 527 suavitas,

377 530 458 563 Dum
470 542 568 573 super
577 538 677 568 testas
687 537 842 577 linquitur
851 551 859 580 3

932 443 993 477 7b.

233 664 295 697 Sa.
329 664 426 697 Cuius
453 676 570 707 corpus
597 671 713 702 eicitur

326 713 364 744 Iu
392 723 516 757 campo,
544 718 601 749 sed
628 719 780 763 munitur,

378 761 427 794 Nc
454 763 566 796 bestiis
593 766 781 810 devoretur3

929 674 992 707 8b.

228 848 290 882 9a.
323 850 459 882 Praeses
486 850 648 883 Dacianus
926 856 989 890 9b.

329 897 451 930 Factus
477 903 525 930 est
550 899 680 931 insanus

373 946 421 979 Ob
449 948 600 987 martyris
627 948 805 986 victoriam,

201 1031 244 1063 10
257 1040 286 1063 a.
320 1031 346 1064 Ο
373 1033 464 1063 miles
490 1033 710 1073 invictissime,
902 1039 944 1070 10
956 1037 986 1071 b,

321 1079 367 1110 Te
393 1080 554 1119 poscimus
578 1081 733 1120 piissime.

369 1127 413 1160 Ut
439 1132 526 1159 tuum
554 1128 614 1160 hoc
640 1134 802 1164 certamen

1029 261 1198 300 Tenditur,
1227 263 1378 303 traditur,
1410 264 1524 303 uritur,

1030 310 1164 342 Animus
1190 320 1252 342 non
1279 313 1426 343 exuritur

1077 358 1125 391 Ob
1151 359 1268 391 iudicis
1293 364 1453 401 suggesta.

1025 445 1109 477 Dum
1136 446 1233 478 nullis
1257 447 1369 487 poenis
1390 448 1538 487 vincitur,

1026 494 1078 524 Ad
1105 495 1231 526 mollem
1250 495 1368 527 lectum
1386 496 1537 538 trahitur,

1053 542 1120 580 Quo
1147 542 1267 575 Christi
1294 548 1416 585 martyr
1441 546 1537 576 mori-

1321 596 1384 624 tur.

1025 676 1060 707 In
1088 686 1186 716 aquas
1213 678 1439 720 submergitur,

1025 724 1088 756 Sed
1115 725 1156 756 ad
1184 726 1260 758 litus
1288 728 1470 770 revertitur,

1075 773 1116 805 Ut
1143 774 1328 813 sepulturae
1355 776 1458 810 detur.

1023 857 1105 889 Dum
1132 868 1165 889 se
1193 860 1308 891 victum
1338 867 1491 901 cerneret,

1023 906 1178 946 Huncque
1210 913 1332 948 martyr
1366 916 1534 950 sperneret

1069 954 1199 986 Mutans
1207 965 1340 995 poenam
1349 958 1379 988 in
1388 959 1533 998 gloriam.

1022 1040 1176 1072 Precetur
1202 1042 1293 1074 nobis
1319 1045 1454 1083 gratiam

1019 1087 1061 1118 Et
1089 1094 1294 1128 peccatorum
1323 1094 1458 1133 veniam,

1066 1136 1109 1168 Ut
1135 1147 1192 1168 nos
1216 1139 1387 1181 salvemur,
1416 1143 1530 1176 Amen.

272 1205 358 1234 Miss.
383 1217 436 1235 ms.
459 1209 520 1236 Ult1
530 1210 691 1237 aiectinum
714 1220 791 1239 saec.
816 1211 860 1241 15.
883 1214 952 1241 Cod.
977 1215 1164 1244 Ultraiectin.
1179 1216 1246 1245 402.
1262 1234 1297 1237 —
1317 1220 1365 1249 lb,
1390 1220 1407 1248 ·2
1423 1224 1531 1251 x=ici=se

196 1246 356 1280 provimus.
381 1261 417 1266 —
439 1245 492 1279 6b,
516 1246 528 1274 1
552 1249 708 1278 Tonditur.

566 1382 637 1413 320.
679 1382 713 1413 ln
734 1383 921 1416 Inventione
942 1395 964 1416 s.
983 1386 1150 1418 vincentii.

219 1481 278 1512 la.
311 1479 422 1512 Omnis
448 1480 542 1513 homo
568 1483 717 1522 gaudeat,
917 1486 978 1519 lb.

314 1528 428 1560 Pacem
457 1530 594 1562 mundus
621 1531 749 1569 habeat,

362 1577 479 1609 Iubilet
505 1579 652 1611 ecclesia.

215 1659 276 1690 221.
309 1658 369 1698 Qui
395 1660 534 1691 mundus
560 1670 579 1692 a
605 1661 693 1693 vitiis
911 1664 963 1696 2b

310 1706 493 1739 Literarum
522 1709 639 1740 studiis

360 1755 465 1788 Datur
490 1756 531 1788 ab
557 1757 706 1791 infantia.

213 1838 274 1872 32.

309 1838 426 1870 Verum
453 1839 555 1871 Deum
583 1841 763 1882 praedicat,
911 1844 974 1878 3b.

308 1886 423 1919 Falsos
451 1888 528 1920 deos
555 1889 687 1922 abdicat

354 1936 508 1969 Miranda
535 1939 726 1974 constantia.

207 2019 267 2050 4a.
298 2017 421 2050 Eculeo
447 2020 588 2062 ponitur,
911 2024 973 2058 4b.

303 2067 513 2100 Membratim
541 2070 738 2110 extenditur,

294 2138 302 2140 -
350 2115 558 2156 Rumpuntur
581 2118 704 2152 vitalia.

205 2198 266 2231 5a.
297 2198 404 2231 Multa
429 2200 544 2232 mortis
571 2209 691 2240 genera

301 2245 384 2279 Caro
412 2246 532 2279 suffert
557 2252 670 2281 tenera

346 2296 440 2329 Forti
466 2296 636 2336 patientia.

200 2378 262 2413 6³,
292 2377 434 2411 Retruso
461 2380 625 2420 ergastulo

297 2427 466 2468 Stupendo
490 2429 646 2461 miraculo

343 2477 451 2508 Astat¹
468 2477 549 2509 caeli
576 2478 676 2512 curia.

1010 1488 1141 1521 Festiva
1170 1491 1344 1529 vincentii,

1012 1536 1171 1578 Martyris
1197 1541 1327 1581 egregii,

1060 1585 1199 1626 Fulgent
1226 1590 1383 1622 natalitia.

968 1691 975 1698 .
1007 1666 1131 1698 Vinctis
1159 1667 1246 1701 ferro
1272 1671 1419 1704 manibus

1008 1714 1049 1746 Et
1078 1718 1232 1756 compede
1259 1720 1396 1758 pedibus

1056 1763 1158 1796 Sudat
1184 1766 1242 1798 sub
1270 1769 1427 1803 custodia.

1006 1846 1169 1880 Dacianus
1196 1850 1294 1891 igitur

1006 1894 1110 1936 Furit,
1139 1896 1215 1930 (lum
1244 1898 1453 1933 confunditur

1054 1944 1188 1978 Levitae
1214 1946 1377 1982 facundia.

1005 2026 1115 2066 Ignem
1142 2030 1240 2060 cratis
1267 2036 1399 2070 superat

1007 2075 1095 2115 Igne,
1123 2086 1183 2116 quo
1211 2079 1393 2118 repleverat

1052 2124 1134 2156 Eum
1162 2126 1222 2158 Dei
1250 2128 1365 2167 gratia.

906 2204 968 2240 5b.
1001 2206 1152 2239 Sanctum
1180 2213 1310 2240 sanctus
1337 2210 1471 2249 spiritus

1002 2254 1196 2288 Consolatur
1222 2258 1368 2297 caelitus,

1048 2304 1151 2336 Dolor
1177 2305 1212 2336 tit
1239 2306 1393 2339 remedia.

901 2385 965 2418 6b.
997 2386 1167 2418 Testarum
1196 2387 1315 2420 duritia

998 2433 1129 2467 Florum
1158 2435 1193 2468 fit
1220 2434 1410 2479 fragrantia,

1042 2483 1165 2516 Lumen
1194 2485 1298 2526 replet
1323 2488 1417 2521 atria.
