1655 2713
693 134 954 168 ——lll—v

178 225 237 257 2³.
267 225 322 257 Ad
348 225 406 258 hos
433 231 526 260 nocte
554 229 724 270 dominica,
875 231 935 265 2b.
964 232 1102 264 Dicens:
1131 231 1271 272 phalanx
1297 232 1443 273 angelica

277 272 448 306 Transitus
474 277 523 308 sui
550 279 700 317 crastina,
971 280 1098 313 Reddet
1125 281 1158 312 in
1185 281 1238 311 die
1264 281 1405 312 crastina

320 323 485 362 Apparuit
509 325 586 357 item
612 326 658 358 ita
1021 329 1117 361 Vobis
1155 328 1328 360 secundum
1359 329 1483 361 merita.

176 427 237 459 32.
272 425 401 460 viatico
427 430 597 469 paremini,
878 433 940 466 3b.
975 434 1096 466 Labem
1120 435 1225 466 earnis
1251 438 1284 466 ut
1311 435 1453 472 nescitis

273 474 354 508 Cras
380 477 590 516 egrediemini
974 482 1026 514 Sic
1053 491 1110 514 nec
1137 492 1211 514 caro
1239 483 1299 514 erit
1324 483 1426 513 tristis

322 523 368 555 De
395 525 502 556 carnis
528 527 700 565 ergastulo.
1021 531 1057 562 In
1086 532 1196 562 mortis
1223 531 1368 562 articulo.

175 632 236 663 42.
269 631 367 664 Cuius
403 631 490 663 dicta
515 636 590 663 sunt
616 633 785 673 completa,
875 635 937 667 4b.
970 636 1057 674 Quae
1083 637 1192 668 odoris
1220 636 1393 677 fraglantia

273 679 367 719 Nam,
392 683 426 711 ut
455 679 547 719 dixit,
576 681 659 712 venit
687 681 771 712 laeta
970 684 1121 723 Replevit
1153 685 1266 716 cellam
1294 686 1391 716 nimia

323 727 445 760 Civium
473 728 553 759 caeli
580 729 696 765 contio,
1017 732 1146 771 Septem
1174 733 1297 764 dierum
1325 733 1440 773 spatio,

175 835 234 867 5a.
266 834 335 874 Qua
361 834 484 876 aegroti
510 838 584 866 sunt
609 835 725 875 sanati,
873 835 935 869 5b.
968 837 1004 868 In
1032 846 1128 876 prece
1155 847 1188 868 se
1216 843 1422 877 prostravere

270 882 447 914 Venientes
474 886 505 914 et
531 883 631 915 allati.
967 884 1010 916 Et
1036 885 1079 916 ibi
1107 885 1332 917 obdormit-ere

318 930 362 962 Hi
389 931 464 963 data
494 931 689 963 eucharistia
1015 933 1220 973 Recipientes
1247 935 1399 973 praemia.

174 1037 236 1069 6a.
267 1037 383 1069 Facies
409 1037 522 1069 horum
549 1038 655 1070 virore
875 1038 937 1072 6b.
969 1039 1079 1079 Ligari
1106 1038 1187 1079 fugit
1214 1039 1336 1071 calculo

269 1085 319 1116 Ita
345 1089 436 1116 erant
463 1086 639 1126 speciosae,
970 1088 1065 1119 Velut
1091 1087 1225 1119 saburra
1253 1088 1393 1127 pontica.

270 1133 343 1164 Vivi
372 1142 499 1174 semper
525 1135 695 1176 aestimati,
968 1136 1089 1167 Eorum
1116 1142 1218 1166 morte
1245 1136 1379 1175 mystica

271 1181 315 1214 Ut
342 1181 501 1220 solebant,
529 1186 602 1214 sunt
628 1184 733 1214 vocati
968 1185 1060 1223 Quod
1087 1183 1162 1215 fecit
1190 1184 1276 1215 Deus
1304 1185 1423 1224 populo

320 1230 382 1262 Per
408 1234 530 1270 septem
557 1231 682 1263 sedilia.
1016 1233 1247 1264 Miraculorum
1276 1233 1373 1264 milia.

175 1336 235 1368 7a.
265 1335 371 1376 Siquis
396 1337 502 1370 adhuc
525 1342 632 1369 mente
659 1338 755 1379 digna
872 1339 931 1372 7b.
966 1339 1087 1371 Octava
1115 1339 1167 1370 die
1194 1339 1320 1371 Bricius

270 1384 421 1424 Quaerat,
448 1385 513 1416 illis
541 1386 637 1426 digne
663 1386 760 1427 digna
965 1387 1042 1419 Cum
1070 1388 1234 1419 monachis
1263 1388 1426 1419 honestius

316 1433 395 1464 Mox
420 1434 536 1465 sentiet
562 1434 723 1475 suffragia,
1011 1436 1053 1467 Et
1079 1436 1215 1477 clericis,
1243 1446 1321 1476 quos
1345 1437 1483 1476 vocavit,

317 1481 441 1513 Horum
461 1491 543 1522 quae
557 1492 616 1522 pro
630 1484 782 1515 memoria
1013 1484 1193 1516 Sicutnunc
1202 1490 1286 1525 sunt,
1300 1485 1479 1525 tumulavit,

365 1529 464 1561 Dabit
489 1530 550 1562 Dei
577 1531 756 1564 clementia.
1059 1533 1138 1565 Cum
1153 1534 1217 1564 sint
1232 1534 1264 1564 in
1276 1533 1355 1564 caeli
1368 1534 1479 1573 gloria.

173 1635 232 1668 8a.
267 1633 415 1668 Clemens
441 1636 502 1668 Dei
528 1637 730 1670 clementiam
868 1638 930 1673 8b.
962 1639 1031 1671 Sint
1051 1648 1109 1680 per
1126 1639 1330 1672 Gaudentem
1353 1638 1481 1680 gaudia,

269 1684 435 1725 Impetret,
461 1685 596 1718 Primus
622 1686 758 1726 gratiam
963 1688 1027 1719 Per
1060 1687 1235 1728 Cyriacum
1266 1689 1356 1719 venia

267 1733 374 1773 Atque
399 1732 524 1766 Laetus
551 1734 716 1774 laetitiam,
962 1736 1066 1768 Detur
1093 1741 1123 1768 et
1152 1738 1334 1768 innocentia

265 1781 453 1814 Theodorus
478 1783 605 1815 laudem
634 1783 739 1825 diam;
961 1785 1152 1817 Innocentis
1179 1794 1275 1825 prece
1299 1787 1364 1825 pia.

220 1887 304 1915 Miss.
326 1886 355 1914 S.
377 1889 501 1916 Martini
521 1889 645 1916 Maioris
667 1890 843 1918 Monasterii
866 1891 935 1926 imp.
956 1891 1126 1919 Turonibns
1151 1889 1231 1919 1506.
1254 1906 1290 1910 —
1312 1891 1328 1917 :3
1342 1892 1365 1919 l..
1388 1889 1405 1918 ‘2
1428 1892 1477 1918 ol)-

145 1925 282 1954 dormire.
299 1941 337 1944 —
348 1927 439 1955 Diese
454 1927 514 1955 und
528 1927 576 1956 die
591 1928 833 1964 vorhergehende
849 1929 983 1966 Sequenz
1001 1930 1102 1958 bilden
1118 1930 1257 1957 sichtlich
1273 1940 1287 1957 e
1299 1932 1332 1957 in
1350 1931 1481 1966 Ganzes;

145 1965 282 1993 iiberdies
303 1967 343 1994 ist
364 1966 412 1994 die
436 1966 525 1994 letzte
540 1967 744 2004 Halbstrophe
765 1966 834 2002 (81³)
855 1969 899 1996 als
921 1969 1080 1996 Abschluss
1103 1970 1149 1997 fiir
1170 1969 1216 1997 die
1239 1969 1479 2004 vorhergehende

144 2003 278 2041 Sequenz
304 2008 470 2033 verwertet.
511 2006 591 2034 Weil
620 2007 692 2034 aber
719 2007 877 2043 liturgiseh
905 2007 952 2035 die
975 2008 1127 2044 Dichtung
1158 2010 1187 2035 in
1214 2009 1481 2046 zuei—‚Sequenzen

144 2044 256 2080 zerlegt
276 2045 331 2079 ist,
359 2043 436 2072 habe
464 2044 512 2072 ich
533 2046 577 2072 sie
599 2047 630 2072 in
651 2046 748 2073 dieser
769 2046 919 2083 zerlegten
941 2047 1027 2074 Form
1052 2048 1197 2075 belassen.
1221 2061 1257 2065 —
1281 2047 1480 2074 Uberschrift:

145 2082 232 2119 „Alia
255 2082 368 2119 prosa.“

581 2236 636 2269 115.
678 2237 721 2268 De
743 2238 852 2268 sancte
875 2237 1043 2269 Dorothea.

167 2358 227 2391 la.
259 2359 298 2391 In
324 2358 443 2391 vestitu
471 2359 627 2392 deaurato
868 2359 883 2390 1
900 2357 931 2390 b.
964 2357 1035 2390 Non
1062 2356 1215 2389 formidat
1243 2357 1406 2390 vulnerari

260 2407 375 2441 Carnis
401 2407 502 2448 pallio
529 2408 658 2440 sublato
963 2406 1121 2447 Sponsum
1135 2407 1481 2448 quaerensamplexari

312 2455 466 2489 Procedit
491 2455 568 2489 Sion
595 2455 673 2489 filia.
1010 2454 1171 2487 Dilectum
1199 2463 1296 2496 super
1322 2455 1420 2488 milia.
