1655 2713
716 172 977 208 —165—

195 258 258 293 2a.
291 259 385 292 Licet
410 270 471 302 per
499 266 689 307 martyrium

341 308 412 349 ipse
438 320 501 344 non
528 314 690 355 occubuit,

194 384 259 419 3a.
292 385 356 419 Hic
381 388 487 428 primo
515 390 548 422 in
573 391 644 425 oleo

317 434 434 468 missus
461 442 512 469 est
531 438 691 482 fervente,

195 511 258 544 4a.
292 512 368 544 Post
395 513 427 545 in
456 514 608 548 Pathmos
635 518 740 552 insula

343 561 440 593 misso
465 563 496 594 in
524 566 637 598 exsilio

192 638 256 669 52..
291 639 390 678 Quam
417 641 547 682 scripsit
574 643 749 685 Thiatirae,

342 686 499 730 Smirnae‚
526 690 784 735 Philadelphiae‚

191 763 256 796 fia.
291 763 354 796 Per
380 764 440 796 hoc
466 767 589 799 cunctis
615 768 766 802 intimans

343 813 497 852 praelatis
523 816 691 857 ecclesiae,

195 887 254 921 7a.
286 888 329 920 Et
357 890 526 923 commissa
554 891 692 925 defleant

340 938 473 970 crimina
500 940 644 981 cottidie,

901 270 963 306 2b.
995 271 1114 305 Tamen
1141 274 1336 315 multiplicia

1040 326 1198 354 tormenta
1224 323 1386 358 sustinuit.

898 396 960 431 3b.
994 399 1084 438 Quod
1114 400 1142 431 ei
1168 410 1231 432 non
1258 401 1364 433 nocuit

1043 447 1111 480 Deo
1138 453 1336 490 protegente.

899 523 959 555 4b.
993 523 1186 557 Caelestium
1212 525 1299 559 facta
1325 531 1373 559 est

1041 573 1069 603 ei
1096 574 1261 614 revelatio,

897 648 960 681 5b.
993 649 1123 690 Epheso
1151 655 1181 682 et
1210 653 1374 693 Pergamo,

1040 697 1162 741 Sardis,
1191 700 1375 734 Laodiciae.

895 772 957 807 6b.
989 775 1080 814 Quod
1108 781 1269 808 resumant
1296 787 1396 818 opera

1040 832 1140 862 purae
1166 824 1368 858 innocentiae

893 897 954 931 7b.
988 898 1030 931 Ut
1058 901 1184 940 assequi
1211 903 1347 942 gratiam

1035 954 1219 980 mereantur
1246 951 1367 990 veniae,

581 1017 611 1051 8.
640 1020 740 1057 Quam
767 1019 903 1061 benigne
932 1021 1079 1055 conferat

692 1075 747 1098 rex
772 1068 1027 1102 misericordiae.

241 1137 324 1164 Miss.
359 1139 543 1168 Bituricense
578 1143 646 1177 imp.
679 1143 805 1171 Parisiis
847 1143 929 1172 1493.
961 1146 996 1173 A.
1028 1162 1064 1165 —
1096 1148 1179 1175 Miss.
1213 1151 1396 1179 Biturieense
1428 1154 1499 1188 imp.

161 1175 288 1202 Parisiis
320 1175 402 1204 1522.
431 1179 464 1205 B.
487 1193 522 1197 —
544 1180 627 1207 Miss.
654 1181 813 1210 Briocense
849 1184 917 1218 imp.
948 1185 1125 1223 Rothomagi
1154 1197 1175 1213 S.

1203 1197 1228 1215 a.
1255 1187 1383 1226 [1502?].
1407 1190 1438 1218 c.
1460 1207 1498 1212 -

161 1214 245 1240 Miss.
268 1215 470 1244 Macloviense
492 1218 562 1253 imp.
585 1219 763 1256 Rothomagi
787 1219 870 1250 1503.
894 1224 931 1250 D.
950 1238 984 1243 —
1000 1223 1052 1251 5a.
1081 1225 1092 1252 1
1115 1226 1288 1255 Thiathirae
1304 1229 1335 1256 B.
1351 1244 1389 1248 —
1404 1228 1457 1265 5b,
1482 1230 1493 1257 1

160 1251 309 1288 Pal-gamo
331 1255 421 1282 ABD.
444 1269 480 1274 ——
502 1255 553 1289 5b,
576 1255 594 1284 2
616 1258 717 1285 Sardis
739 1262 768 1286 et
789 1261 813 1287 A
835 1276 872 1279 —
896 1262 932 1289 D¹

437 1388 497 1420 179.
538 1389 582 1420 De
603 1399 627 1421 s.
651 1390 788 1423 Iohanne
813 1394 887 1424 ante
909 1394 1037 1426 Portam
1061 1395 1215 1428 Latinam.

180 1476 240 1509 la.
277 1476 371 1509 Omni
398 1478 493 1509 laude
519 1481 772 1514 commendanda

280 1526 341 1557 Est
367 1532 399 1556 et
424 1528 547 1558 cunctis
573 1528 765 1562 admiranda

326 1573 478 1606 Iohannis
505 1576 721 1616 sollemnitas3

175 1651 197 1682 2
210 1659 239 1682 a.
276 1650 339 1682 Hic
356 1651 398 1683 ad
412 1651 574 1685 Christum
593 1655 677 1686 venit
691 1659 789 1696 tutus,

272 1698 356 1732 Cum
384 1700 478 1732 unius
505 1701 596 1733 verbi
622 1706 717 1735 nutus

322 1747 365 1780 Et
391 1749 491 1780 sentit
518 1754 549 1781 et
577 1751 739 1791 sequitur3

168 1862 234 1895 3a.
267 1862 321 1894 Fit
348 1864 589 1898 reclinatorium

268 1911 406 1944 Iohanni
432 1915 668 1950 sanctissimum

318 1961 433 1993 Pectus
460 1965 626 1999 creatoris.

166 2037 229 2071 4a.
265 2037 329 2069 Hic
346 2039 386 2070 ad
407 2039 537 2072 verbum
555 2043 657 2082 patris
671 2047 782 2084 raptus

266 2085 311 2118 Et
336 2087 367 2119 in
395 2088 465 2120 luce
492 2090 581 2122 verbi
607 2096 720 2132 captus

313 2135 377 2168 Vas
402 2135 440 2168 fit
465 2139 663 2179 sapientiae,

162 2212 227 2244 5a.
262 2212 366 2245 Menti
386 2213 533 2248 Christus
559 2217 606 2248 sic
632 2217 781 2256 inhaesit,

264 2260 386 2302 Liquor
395 2261 524 2296 fervens
534 2265 619 2305 quod
630 2275 693 2298 non
703 2266 796 2299 laesit

305 2310 360 2342 Ad
391 2311 512 2344 Christi
546 2314 776 2354 praesentiam.

159 2385 220 2419 6a.
257 2386 329 2419 Vim
357 2391 492 2422 naturae
518 2394 663 2434 superat,

258 2433 354 2476 Dum,
369 2445 448 2477 quas
464 2437 606 2472 Crathon
621 2438 774 2484 fregerat,

308 2483 458 2519 Gemmas
484 2489 659 2529 reparavit.

884 1483 943 1519 lb.
977 1486 1066 1518 Haec
1090 1491 1138 1518 est
1164 1488 1221 1520 illa
1247 1489 1432 1532 singularis,

977 1534 1051 1566 Toti
1078 1536 1197 1568 mundo
1223 1537 1374 1569 salutaris

1025 1583 1199 1617 Praeclara
1225 1584 1394 1620 festivitas,

877 1657 939 1691 2b.
972 1659 1037 1692 Dat
1064 1661 1262 1700 primaevum
1282 1664 1412 1697 Christo
1430 1663 1489 1697 flo-

1315 1721 1387 1744 rem.

971 1755 1029 1788 Cui
1057 1757 1171 1797 pluens
1199 1759 1279 1790 caeli
1307 1769 1411 1792 rorem

1020 1804 1158 1838 Fructus
1186 1807 1270 1839 vitae
1297 1810 1449 1842 nascitur.

872 1871 935 1905 3b.
968 1873 1004 1905 ln
1031 1873 1154 1914 signum
1182 1876 1360 1909 munditiae

968 1920 1082 1954 Custos
1109 1924 1220 1956 matris
1248 1926 1371 1964 gratiae

1017 1970 1073 2003 Fit
1099 1976 1129 2003 et
1158 1973 1384 2013 redemptoris.

869 2045 934 2079 412.
966 2046 1049 2079 Dum
1079 2048 1118 2080 de
1143 2049 1253 2082 schola
1280 2051 1437 2085 trinitatis

965 2096 1077 2128 Portat
1098 2097 1240 2140 verbum,
1262 2099 1362 2132 vcrbo
1379 2102 1482 2141 gratis

1012 2144 1134 2177 Doctor
1160 2150 1209 2178 est
1235 2148 1402 2183 ecclesiae.

870 2220 934 2254 5b.
967 2222 1090 2255 Crebro
1118 2223 1265 2256 Christus
1296 2226 1483 2260 consolatur

962 2270 1005 2302 Et
1032 2271 1063 2302 in
1091 2271 1242 2304 Pathmos
1268 2273 1430 2314 relegatur

1008 2319 1056 2351 Ob
1084 2319 1174 2352 verbi
1201 2322 1427 2356 constantiam.

865 2394 929 2430 ob.
961 2396 1092 2428 Veneno
1119 2406 1181 2429 non
1208 2397 1360 2441 laeditur,

961 2445 1024 2478 Per
1049 2445 1133 2477 hunc
1159 2446 1226 2478 vita
1253 2446 1404 2481 redditur

1006 2493 1076 2534 His,
1105 2503 1183 2535 quos
1211 2495 1298 2528 virus
1325 2499 1457 2533 stravit.
