1655 2713
728 175 772 180 —
822 156 892 191 220
945 175 983 182 -—·

203 253 262 284 4a.
292 251 381 283 Haec
407 256 452 282 est
480 261 600 291 gemma
628 252 792 294 virginum,
883 253 950 287 4b.
981 254 1070 287 Haec
1096 265 1152 288 vas
1177 257 1246 288 auri
1274 257 1423 297 solidum,

295 299 352 331 Cui
379 300 466 339 sequi
492 300 659 332 Dominum
979 302 1100 335 Lumen
1122 304 1204 337 caeli
1231 305 1412 348 limpidum,

342 348 414 379 Post
442 357 499 378 sua
526 348 656 387 vestigia
1025 351 1126 384 Stella
1151 353 1228 385 solis
1256 354 1397 395 praevia,

340 395 436 426 Dedit
465 396 530 426 eius
557 396 668 435 gratia.
1025 399 1164 432 Vincens
1190 402 1301 433 mundi
1327 403 1454 442 gaudia.

197 479 259 509 5a.
294 478 388 515 Quae,
417 477 488 507 dum
517 477 617 508 credit
883 479 946 514 5b.
979 480 1140 514 Christum
1167 492 1288 522 amans,

290 524 331 555 Et
358 523 496 561 oboedit,
979 528 1140 561 Christum
1167 531 1308 563 clamans

336 571 424 602 Nulli
452 572 535 602 cedit
1026 577 1164 609 Mortem
1191 580 1325 619 spernit,

336 619 403 650 Nec
429 629 512 650 mors
539 620 648 660 laedit,
1028 624 1160 657 Hostem
1188 627 1312 670 sternit,

381 667 881 710 Quodspesmonstratpraescia;
1075 674 1186 706 Calcat
1212 684 1355 716 quaeque
1380 678 1486 710 noxia.

193 749 253 782 Ga.
285 748 310 780 O
337 747 482 788 benigna,
510 749 578 780 Deo
605 749 710 790 digna,
878 752 939 785 6b.
973 753 1077 786 Verbo
1104 756 1183 795 legis
1212 755 1394 800 informata,

287 795 409 827 Nomen
436 796 554 828 Christi
582 797 708 829 coluisti
972 801 1064 834 Serto
1087 804 1172 844 regis
1199 805 1366 846 adornata⁷

335 844 492 875 Virtutum
521 854 578 883 per
603 846 725 878 merita.
1016 850 1113 882 Cuius
1139 850 1202 883 fide
1228 854 1386 892 praedita.

193 924 250 956 7a.
283 924 417 956 Carnem
445 930 536 956 vexat
564 926 713 969 infidelis,
880 929 938 962 Tb.
973 930 1021 962 Ibi
1048 931 1141 970 plene
1169 932 1347 966 defaecaris

285 973 347 1005 Cor
373 973 512 1004 exsultat
540 974 596 1004 sed
623 975 654 1004 in
682 975 789 1014 caelis,
971 978 1037 1009 Iam
1065 988 1176 1012 secura
1203 981 1243 1012 de
1269 991 1325 1022 spe
1351 985 1467 1026 carnis,

331 1020 487 1051 Laetitiae
515 1021 684 1060 dispendia
1018 1026 1103 1065 Quae
1129 1026 1219 1060 finita
1245 1030 1373 1063 miseria

332 1068 427 1099 Nulla
455 1067 529 1099 facit
558 1070 717 1101 memoria.
1018 1074 1134 1105 Tecum
1163 1076 1223 1107 erit
1249 1077 1280 1108 in
1307 1078 1420 1119 gloria.

187 1147 246 1180 Sa.
278 1148 303 1180 Ο
330 1148 434 1180 fidelis
461 1149 626 1190 advocata,
874 1153 936 1186 8b.
972 1155 1014 1188 Ut
1026 1160 1502 1201 rexregum‚summumbonum‚

284 1196 349 1227 Iam
376 1197 407 1227 in
435 1197 531 1228 caelis
558 1204 719 1235 coronata,
969 1202 1064 1234 Cuius
1090 1205 1208 1236 caritas
1237 1204 1310 1247 sest]
1337 1208 1473 1251 thorum,

330 1244 430 1275 Tuum
458 1253 560 1284 regem
1016 1250 1059 1282 Ut
1085 1255 1117 1282 te
1142 1261 1259 1286 secum.

331 1291 371 1322 Et
400 1292 481 1323 hunc
508 1301 633 1332 gregem
1016 1298 1068 1329 Sic
1095 1309 1151 1330 nos
1177 1305 1281 1332 tecum

378 1340 430 1370 Ad
458 1348 566 1379 pacem
595 1342 740 1380 concilia,
1063 1346 1165 1378 Ducat
1192 1349 1233 1380 ad
1261 1350 1421 1382 caelestia.

609 1424 639 1454 9.
667 1424 770 1454 Amen
799 1424 906 1456 dicant
930 1427 1044 1459 omnia.

262 1500 342 1526 Miss.
372 1510 424 1526 ins.
446 1503 474 1527 S.
498 1502 627 1528 cornelii
651 1503 893 1538 Compendiensis
922 1514 997 1532 saec.
1023 1505 1065 1534 14.
1087 1507 1157 1535 Cod.
1180 1507 1304 1536 Parisin.
1330 1510 1364 1539 16
1374 1510 1438 1539 823.
1460 1528 1498 1534 -

182 1535 237 1569 61),
259 1536 276 1564 3
298 1538 418 1573 perdita.
443 1554 474 1557 —
499 1538 548 1569 Tb.
571 1538 587 1566 2
609 1543 718 1567 secuta.
740 1556 777 1559 —
796 1542 935 1570 Melodie:
964 1544 1069 1572 Mane
1098 1548 1217 1581 prima
1239 1549 1402 1578 sabbati.

578 1690 644 1720 246.
677 1689 718 1721 De
740 1699 765 1721 s.
788 1692 920 1723 Maximo
941 1693 1096 1734 Regiensi.

184 1777 241 1809 la.
274 1778 403 1815 Plaude,
434 1778 511 1810 felix
535 1783 564 1810 et
592 1780 702 1812 inclita
869 1783 884 1814 1
900 1783 930 1815 b.
963 1784 1090 1817 Christo
1116 1796 1233 1826 sponso
1260 1789 1426 1822 dulcisona

277 1825 382 1867 Virgo,
410 1832 511 1858 mater
535 1828 679 1862 ecclesia.
960 1832 1105 1865 Laudum
1133 1835 1323 1875 depromens
1341 1839 1493 1878 carmina,

181 1901 239 1933 2a.
271 1902 330 1941 Qui
357 1908 528 1944 martyrum
555 1913 717 1944 purpurea
866 1907 928 1942 2b.
960 1909 1002 1940 Et
1028 1910 1169 1943 illustrat
1195 1914 1365 1953 perspicua

273 1949 318 1981 Te
345 1955 473 1982 coronat
500 1952 632 1983 victoria
955 1957 1180 1991 Confessorum
1208 1969 1267 2000 per
1291 1962 1423 1996 lumina.

177 2026 238 2058 32.
270 2026 358 2057 Inter
381 2036 458 2066 quos
485 2026 573 2059 fulsit
602 2029 718 2061 caelica
861 2031 922 2066 3b.
954 2033 1052 2065 Festa
1078 2035 1166 2067 cuius
1192 2037 1329 2078 insignia

270 2073 403 2105 Praesul
430 2075 590 2107 Maximus
616 2077 731 2118 gratia,
957 2081 1078 2114 Solaris
1104 2084 1211 2116 reddit
1239 2085 1354 2121 orbita.

174 2150 234 2184 42.
268 2150 331 2182 Hic
356 2155 444 2182 ortus
470 2156 503 2182 ut
530 2152 583 2184 lux
611 2163 707 2185 aurea
862 2157 925 2189 4b.
957 2159 1113 2198 Apprime
1138 2161 1361 2203 philosophica

272 2198 387 2230 Mundi
414 2201 605 2240 contempsit
628 2200 754 2242 florida,
959 2207 1075 2239 Hausit
1100 2207 1218 2242 fluenta
1244 2212 1364 2244 trifida.

175 2277 234 2308 5a.
267 2276 342 2308 Post
367 2277 477 2308 muudi
503 2277 648 2317 linquens
674 2280 779 2312 omnia
859 2281 921 2315 5b.
954 2283 1002 2316 Ob
1029 2284 1113 2316 vitae
1138 2285 1200 2318 sibi
1226 2289 1339 2321 merita

266 2325 344 2364 Iuga
370 2324 456 2356 subit
479 2326 672 2367 monastica3
957 2332 1117 2365 Praesulis
1144 2335 1240 2367 datur
1264 2335 1377 2371 infula.

171 2400 230 2434 62.
263 2401 288 2433 O
315 2402 426 2433 summi
453 2402 536 2442 regis
562 2403 675 2443 gratia,
858 2408 920 2441 6b.
952 2408 1145 2443 Redduntur
1171 2413 1274 2445 caecis
1300 2415 1420 2449 lumina

265 2449 291 2481 O
317 2450 418 2481 sancti
445 2450 505 2482 viri
531 2451 649 2491 gloria!
952 2458 1103 2498 Aegrotis
1129 2464 1161 2492 et
1187 2463 1339 2496 remedia.
