1655 2713
730 155 962 190 -74-

213 248 271 282 7a.
305 248 391 280 Audi
422 260 496 292 nos3
904 253 922 285 7
932 252 963 287 b.
999 252 1096 285 Salva
1121 263 1188 296 nos,

307 306 377 327 nam
405 302 436 329 te
463 299 598 338 diligens
997 301 1080 342 Iesu,
1111 311 1171 342 pro
1196 303 1311 343 quibus

309 353 443 384 sponsus
474 347 604 378 multum
633 348 777 382 honorat,
999 349 1090 389 virgo
1117 354 1241 390 martyr
1265 355 1298 382 te
1322 355 1406 386 orat.

213 431 271 464 Sa.
308 432 357 462 Da
382 441 441 471 per
466 433 532 463 eius
559 434 682 473 merita,
901 435 965 468 8b.
1000 435 1044 468 Ut
1068 445 1127 476 per
1152 440 1238 468 tuam
1263 438 1399 478 gratiam

306 479 345 510 da
372 489 430 518 per
456 489 512 511 sua
538 481 720 519 precamina
994 480 1083 528 [nos]
1110 489 1242 516 aeterna.
1269 495 1460 519 mereamur

305 526 335 557 in
362 531 393 557 te
420 527 588 565 confidere,
995 533 1145 572 consequi
1172 533 1300 573 gaudia.

479 615 510 645 9.
539 614 634 646 Cuius
660 623 757 654 prece
782 615 825 647 sit
853 616 1044 657 deprecatus

533 661 606 692 item
634 667 738 701 pater,
765 663 840 694 item
867 669 971 704 natus,

532 709 696 749 utriusque
721 709 846 751 flamen,

530 766 610 787 unus
637 763 784 790 aeternus
810 759 909 792 Deus.
964 762 1078 795 Amen.

260 838 347 865 Grad.
370 849 421 865 ms.
444 840 638 868 Cassoviense
660 851 733 870 saec.
759 842 802 870 15.
825 844 895 871 Cod.
916 846 993 872 Mus.
1017 847 1182 883 Hungarici
1206 847 1268 875 172.
1287 864 1321 868 —
1343 848 1398 883 2b,
1418 849 1437 878 2
1456 860 1508 887 pa-

182 876 234 901 tris
261 877 368 911 (patria
397 878 460 905 hier
486 879 530 905 als
558 879 784 908 adiectivisches
811 883 944 910 Attribut
970 893 1006 911 zu
1034 885 1132 912 idola).
1163 901 1198 905 -
1224 886 1276 918 3a,
1307 888 1319 914 1
1349 890 1509 918 Nesciente

181 913 333 941 Dioscoro.
355 929 390 933 —
412 914 470 948 3a,
492 915 510 943 3
531 918 591 944 illa.
613 933 650 936 —
671 918 728 949 3³,
751 919 768 946 5
789 929 831 956 sq.
855 922 977 956 optabat
997 932 1036 950 se.
1058 938 1095 941 —
1115 922 1174 957 3b,
1199 923 1212 951 1
1236 926 1254 952 l.
1276 926 1333 953 Illa
1355 929 1448 955 vero?
1469 945 1508 948 —

180 949 237 983 3b,
265 951 281 978 6
308 962 343 980 zu
374 954 507 988 „acrum“
531 964 558 981 v.
581 957 739 984 Forcellini
768 975 803 978 —
829 960 873 986 De
894 960 946 986 Vit
966 961 1020 988 sub
1044 963 1155 996 „acer“
1177 977 1214 981 —
1235 962 1285 995 4a,
1309 963 1326 991 5
1348 966 1443 993 iussit.
1467 981 1507 986 —

180 987 233 1021 4b,
255 989 272 1016 5
295 1000 346 1026 per
366 1002 520 1027 quemque.
547 1009 585 1012 —
605 994 657 1026 51),
679 994 696 1022 2
711 996 871 1031 proficeret.
892 1013 925 1017 -
949 997 998 1030 Ga,
1020 1000 1036 1024 6
1058 1000 1138 1027 dicta
1158 1013 1195 1022 =
1212 1002 1330 1030 addicta
1347 1013 1386 1030 sc.
1403 1007 1504 1037 morti;

180 1027 249 1054 oder
270 1029 287 1054 l.
310 1029 415 1056 ducta?
442 1046 467 1049 —
490 1030 545 1063 7a,
576 1030 593 1058 2
615 1042 655 1068 sq.
678 1038 705 1060 te
733 1043 858 1070 sponsus
879 1036 1001 1063 multum
1023 1038 1160 1073 diligens.
1181 1054 1216 1058 —
1239 1041 1300 1067 Das
1322 1042 1447 1070 Schema
1467 1053 1505 1071 zu

179 1065 273 1092 dieser
293 1068 312 1093 S
332 1077 425 1102 quenz
447 1070 484 1095 ist
505 1070 639 1097 sichtlich
660 1073 735 1099 Ave
759 1074 957 1108 praeclara
979 1078 1092 1103 maris
1115 1078 1246 1111 stella,
1276 1080 1346 1107 aber
1367 1081 1508 1109 ziemlich

178 1103 231 1130 frei
252 1105 447 1139 gehandhabt.
586 1116 588 1118 ’

621 1192 664 1223 73.
708 1194 749 1224 De
771 1198 881 1226 sancta
902 1195 1053 1228 Barbara.

204 1268 261 1299 la.
299 1269 376 1308 Regi
404 1269 531 1302 Christo
556 1272 726 1304 iubilemur
894 1275 952 1308 lb.
988 1277 1036 1308 Tu
1063 1278 1218 1318 virginale
1244 1281 1357 1318 lilium,

298 1317 538 1357 Psallentesque
564 1328 752 1352 veneremur
986 1325 1049 1356 Vas
1077 1326 1228 1358 virtutum
1255 1330 1406 1371 omnium,

344 1364 517 1396 Barbaram
548 1375 616 1398 cum
643 1368 743 1408 gloria
1032 1373 1118 1405 Rosa
1143 1375 1330 1414 patientiae,

343 1412 378 1442 In
405 1413 471 1443 eius
497 1414 673 1453 sollemnia,
1033 1421 1182 1454 Dulcoris
1209 1429 1239 1454 et
1266 1426 1399 1468 gratiae,

388 1460 525 1491 Nostrae
539 1462 652 1493 mentis
672 1464 801 1503 gaudia,
1081 1469 1177 1509 Virgo
1199 1472 1355 1511 prudens,
1383 1474 1502 1517 electa⁷

390 1507 546 1548 Dulcique
572 1511 723 1542 memoria
1078 1517 1224 1549 Barbara
1253 1521 1410 1562 speciosa,

388 1555 465 1586 Eius
492 1565 583 1589 sacra
609 1559 730 1589 merita.
1078 1564 1138 1596 Dei
1165 1567 1334 1606 sapientia.

197 1639 257 1670 2a.
294 1639 438 1670 Christus
466 1641 563 1679 Iesus,
591 1642 745 1675 Dominus
886 1647 950 1680 2b.
986 1648 1185 1682 Salvatorem
1212 1656 1246 1683 tu
1272 1654 1384 1686 videns

294 1688 497 1727 Sponsusque
522 1689 733 1733 dulcissimus,
982 1696 1135 1736 Barbara,
1167 1696 1221 1742 [et]
1249 1703 1457 1742 congaudens

293 1734 365 1765 Tibi
393 1735 628 1777 dilectissimus,
983 1770 1410 1784 ........

340 1782 421 1813 Vere
449 1784 581 1815 multum
607 1790 638 1816 te
664 1796 783 1827 amans,
1028 1793 1170 1834 Eiusque
1196 1799 1381 1834 praesentia

341 1831 378 1862 In
405 1840 532 1862 carcere
557 1836 588 1863 te
615 1834 757 1873 visitans,
1032 1840 1192 1874 Sanautur
1217 1848 1271 1876 tua
1298 1847 1449 1887 vulnera;

338 1877 493 1910 Dulcibus
506 1880 612 1911 verbis
623 1883 799 1921 consolans,
1025 1888 1140 1921 Dulcia
1166 1887 1255 1934 [per]
1283 1895 1500 1929 medicamina

339 1925 467 1957 Virtute
493 1936 549 1959 sua
575 1928 769 1963 confortans.
1029 1935 1130 1968 Facta
1155 1947 1188 1969 es
1214 1940 1404 1976 exhilarata.

193 2012 254 2044 3a.
291 2011 393 2043 Adest
420 2011 488 2043 dies
514 2014 646 2053 gratiae,
885 2019 948 2053 3b.
983 2021 1008 2053 Ο
1034 2022 1124 2062 virgo
1151 2024 1338 2069 clarissima,

290 2060 327 2091 ln
353 2068 414 2098 qua
440 2061 566 2091 scandit
591 2063 710 2094 caelica
979 2068 1095 2109 Fulget
1119 2072 1191 2111 plus
1217 2083 1310 2113 quam
1337 2077 1447 2111 sidera

288 2107 442 2148 Barbara,
471 2117 588 2147 sponsa
611 2109 798 2155 Salomonis,
980 2116 1049 2149 Tua
1075 2120 1278 2164 castimonia;

287 2155 370 2186 Vere
403 2155 493 2186 sidus
530 2156 639 2189 lucens
665 2159 800 2193 thronis.
981 2165 1043 2197 Pro
1069 2167 1161 2199 nobis
1187 2179 1284 2210 prece
1311 2173 1424 2206 sedula

521 2244 553 2276 4.
581 2244 682 2276 Tuum
714 2245 813 2279 funde
838 2249 1018 2282 subsidium

575 2294 674 2332 Apud
708 2294 871 2328 Christum
897 2297 1080 2333 Dominum.

243 2374 379 2411 Sequent.
403 2385 454 2403 ms.
477 2377 506 2404 S.
528 2378 649 2415 Georgii
673 2381 831 2417 Villingen.
855 2392 930 2411 saec.
948 2383 991 2412 15.
1010 2385 1071 2414 Cod
1097 2388 1307 2419 Carolsruhau.
1322 2393 1395 2421 Geo.
1411 2394 1438 2423 3.
1460 2413 1494 2417 —

160 2413 218 2478 glgt
231 2413 461 2480 {leggiegeilixach
480 2416 606 2444 welcher
617 2417 674 2445 Str.
689 2417 707 2446 3
718 2420 734 2447 b
750 2422 803 2448 mit
815 2422 834 2448 4
851 2431 886 2450 zu
902 2424 984 2451 einer
996 2424 1120 2462 Strophe
1135 2436 1171 2455 zu
1182 2430 1346 2459 verbinden
1359 2434 1446 2462 ware.
1457 2449 1499 2455 —
