1655 2713
181 240 224 272 19
238 249 268 275 a.
298 241 465 275 Munimur
490 252 548 283 per
573 243 711 275 omnium

346 290 473 330 vigilem
500 291 631 323 tutelam

178 403 223 435 20
237 412 267 436 a.
297 404 414 436 Coetus
440 404 582 436 fidelium

295 452 422 483 Laudes
449 453 632 484 caelestium

345 500 489 531 Psallant
514 500 661 531 hilariter

296 611 443 643 Subactis
470 613 614 644 hostibus

291 660 445 691 Accensis
472 661 631 693 mentibus

342 707 379 738 Vi
405 708 527 740 caelum
553 710 682 749 rapiant

176 612 215 644 21
234 621 262 643 a.

173 819 216 851 22
232 828 260 852 a.
293 819 554 854 Transscendant
580 823 692 863 vigiles

339 868 381 899 Et
407 878 557 908 sponsum
583 871 711 909 adeant,

172 982 215 1014 23
233 991 261 1015 a.
294 982 421 1015 Intrent
445 983 621 1015 Mosaicam

334 1029 395 1061 Dei
421 1031 598 1070 caliginem,

170 1143 214 1174 24
229 1152 258 1174 a.
290 1142 454 1175 Fruamur
479 1146 598 1185 osculo,

288 1190 371 1222 Dum
398 1196 471 1222 sunt
496 1193 554 1224 sub
583 1195 723 1234 speculo,

816 147 955 182 40—

869 243 912 276 19
926 241 957 274 b.
989 241 1110 274 Contra
1134 241 1257 282 mundi,
1287 241 1475 286 daemoniss

1034 289 1141 321 carnis
1167 290 1397 331 corruptelam.

867 405 911 436 20
926 404 958 438 b.
989 405 1032 437 Et
1058 405 1143 437 vires
1169 404 1309 436 hostium

983 453 1048 485 Per
1072 453 1134 484 hoc
1158 453 1358 493 praesidium

1034 501 1230 534 conculcent
1257 500 1400 534 fortiter.

864 615 906 648 21
924 614 954 648 b.
985 615 1029 647 Et
1054 624 1114 656 per
1138 616 1335 648 ierarchicos

983 664 1076 695 Ritus
1103 665 1266 704 angelicos

1032 713 1150 745 Cursus
1176 713 1347 753 arripiant.

862 827 904 858 22
921 825 952 860 b.
984 826 1101 858 Manus
1128 837 1190 859 non
1218 826 1351 868 fragiles

1028 875 1197 906 Inventum
1225 881 1365 910 teneant.

859 988 903 1020 23
920 987 952 1021 b.
983 987 1073 1020 Uniti
1101 989 1223 1021 deicam

1025 1037 1078 1068 Ad
1105 1037 1350 1077 plenitudinem.

859 1150 903 1182 24
918 1149 949 1182 b.
981 1150 1100 1182 Beatae
1125 1152 1257 1192 nuptiae

979 1198 1075 1230 Fiant
1101 1199 1160 1231 sub
1186 1200 1305 1239 specie.

246 1303 366 1330 Collect.
389 1314 440 1331 ms.
454 1306 639 1333 Victorinum
662 1316 737 1335 saec.
762 1305 804 1335 15.
820 1309 889 1336 Cod.
904 1310 1029 1337 Parisin.
1055 1310 1162 1350 15153.
1187 1328 1221 1332 —
1243 1311 1298 1347 91),
1321 1314 1339 1342 3
1353 1315 1488 1351 Singulis

169 1343 331 1367 momentis.
353 1357 388 1361 —
406 1341 478 1375 1321,
502 1343 515 1370 1
532 1346 692 1380 angelicus.
711 1360 747 1364 —
765 1344 798 1373 13
810 1356 835 1378 a,
857 1346 875 1373 2
890 1349 1032 1376 lucidicus
1056 1365 1093 1368 —
1108 1346 1305 1379 Uberschriftz
1331 1354 1491 1390 „Sequitur

168 1387 281 1406 summa
307 1389 357 1406 seu
384 1390 471 1415 prosa
497 1382 533 1408 de
554 1384 703 1418 angelis⁴⁶3
730 1385 931 1413 Nachsehrift:
963 1388 1109 1423 „Explicit
1131 1399 1219 1425 prosa
1240 1391 1439 1426 pulcherrima
1459 1396 1490 1420 et

169 1420 270 1444 ornate
291 1421 453 1453 composita
474 1423 532 1446 tani
555 1421 589 1448 de
612 1423 725 1457 angelis
747 1432 835 1458 quam
856 1426 1022 1453 ministerio
1044 1428 1230 1454 eorundem.“

581 1609 627 1640 35.
670 1610 711 1640 De
734 1619 757 1641 Β.
781 1612 901 1651 Angelo
922 1612 1063 1645 Custode.

191 1723 208 1754 1
226 1731 254 1755 a.
285 1724 418 1763 Angele,
447 1725 500 1764 qui
525 1735 613 1757 meus
639 1736 672 1758 es
702 1736 706 1742 '

334 1777 438 1803 custos
464 1773 583 1811 pietate
610 1784 758 1816 superna,

283 1818 338 1850 Me
364 1820 422 1850 tibi
449 1821 649 1853 commissum

332 1876 435 1909 serva,
464 1867 612 1911 defende,
638 1870 791 1910 guberna.

189 1983 208 2013 2
223 1990 252 2012 a.
284 1982 418 2024 Angele,
445 1982 508 2014 fide
531 1993 647 2024 comm,

330 2031 477 2070 sapiens,
510 2034 711 2075 venerande,
739 2034 791 2066 be-

507 2081 612 2120 nigne,

283 2125 337 2156 Me
364 2131 469 2158 movet
493 2132 524 2158 et
551 2128 659 2160 turbat

330 2175 441 2206 mortis
466 2174 604 2208 formido
622 2177 790 2218 malignae,

186 2290 249 2322 8a.
279 2290 413 2331 Augen»,
440 2290 604 2332 confiteor,

329 2339 403 2378 quia
432 2348 528 2379 saepe
553 2339 648 2372 fidem
675 2341 790 2374 violavi

283 2386 497 2428 Spirituisque
522 2389 615 2421 malis

330 2444 498 2468 numeroso
524 2437 657 2470 crimine
683 2436 758 2482 favi,

880 1731 896 1763 1
915 1731 944 1764 b.
974 1732 1077 1772 Terge
1103 1743 1204 1766 meam
1230 1740 1369 1769 mentem

1019 1781 1106 1812 vitiis
1141 1787 1171 1813 et
1201 1783 1275 1815 labe
1301 1791 1434 1820 veterna

971 1829 1194 1869 Assiduusque
1221 1840 1327 1865 comes

1019 1876 1097 1907 mihi
1115 1878 1158 1909 sis
1177 1879 1325 1921 vitaeque
1340 1883 1484 1916 lucerna.

876 1988 944 2022 2b.
976 1989 1079 2031 Saepe
1105 1994 1234 2032 quidem
1261 1998 1362 2030 merui

1021 2048 1139 2079 poenas
1165 2047 1195 2073 et
1222 2047 1347 2078 tartara
1367 2047 1483 2092 digne3

971 2085 1035 2118 Sed
1061 2097 1212 2122 succurre
1238 2093 1315 2124 mihi

1022 2134 1142 2168 baratri
1155 2147 1195 2170 ne
1209 2148 1336 2182 mergar
1350 2142 1383 2175 in
1397 2144 1483 2185 igne.

873 2297 893 2329 3
909 2296 940 2331 b.
972 2297 1017 2329 Et
1041 2305 1215 2341 praecepta
1242 2303 1303 2335 Dei

1017 2356 1090 2387 non,
1109 2348 1193 2380 sieut
1205 2356 1345 2394 oportet,
1361 2358 1484 2397 amavi,

968 2394 1054 2426 Proh
1081 2395 1184 2437 dolor,
1210 2403 1244 2430 et
1268 2399 1433 2436 Christum

1013 2451 1113 2482 prave
1138 2445 1277 2479 vivendo
1303 2453 1430 2492 negavi.
