1655 2713
701 165 965 201 —251—

192 256 254 291 Ga.
286 256 526 299 Captivitatem,

289 315 383 346 quam
409 311 540 340 satanas
567 309 724 352 vinxerat²

287 353 340 385 hic
365 356 581 396 emancipavit

192 449 210 481 7
223 458 252 482 a.
285 450 436 483 Celebret
467 461 542 493 ergo

291 498 409 531 debitis
435 500 467 532 in
493 501 644 534 laudibus

287 556 364 587 gens
392 548 454 580 ista
480 553 616 590 patrem,

287 604 346 636 per
361 605 453 636 quem
469 597 606 630 solvitur
619 597 800 640 fraudibus,

193 691 256 724 Sa.
288 692 332 724 Et
360 696 501 725 tremens
526 695 707 734 praesulem

290 740 493 781 Rudpertum
520 746 702 782 veneretur,

292 789 342 820 cui
369 789 410 821 ab
437 790 559 830 angelis

289 837 392 869 honor
417 838 598 878 exhibetur,

193 934 253 965 92.
286 934 355 966 Iam
382 934 512 966 Domini
537 935 611 966 Iesu

889 263 950 297 6b.
981 263 1025 296 Et
1050 262 1228 295 redivivum

982 312 1045 343 iam
1072 310 1199 343 Christo
1225 310 1419 350 baptismate

984 359 1137 401 populum
1163 359 1314 392 sacravit.

887 455 948 488 7b.
979 456 1021 488 Et
1047 465 1108 496 quo
1135 455 1277 496 baptista

981 504 1043 536 iam
1070 501 1198 547 [purus]
1227 504 1417 544 limphatieo

983 557 1071 584 caret
1097 561 1207 584 errore

1093 625 1099 631 .
1126 599 1270 641 nefario·‚

889 695 952 728 8b.
984 696 1044 735 Qui
1070 696 1137 727 eius
1163 696 1312 736 sepulcro

984 748 1171 784 praesentes
1197 745 1382 784 astiterunt,

984 796 1015 823 et
1041 797 1113 832 post
1140 793 1307 832 exsequias

983 849 1055 871 mox
1082 841 1173 880 signa
1199 841 1359 874 viderunt.

887 935 949 970 9b.
982 936 1027 969 Ut
1053 946 1071 968 a
1098 936 1223 968 dextris
1249 939 1352 977 patris

291 980 443 1013 famulum
982 984 1141 1024 Rudperti

289 1030 428 1069 supplici
454 1039 531 1062 voce
980 1033 1092 1064 ultimo
1119 1033 1171 1064 die

287 1077 507 1117 deprecemur,
981 1081 1184 1116 collocemur.

661 1176 716 1209 10.
744 1176 782 1208 In
808 1175 872 1208 fine
898 1177 1019 1208 saeculi

744 1227 855 1265 pastor
880 1225 967 1257 idem

743 1282 871 1314 semper
897 1274 939 1305 sit
966 1273 1144 1307 nobiseum.

238 1355 322 1382 Miss.
344 1365 396 1382 mS.
420 1356 647 1393 Salisburgense
669 1366 746 1386 saec.
772 1357 815 1385 15.
838 1358 909 1386 Cod.
930 1360 1155 1387 Neoclaustren.
1178 1362 1234 1388 XII
1260 1363 1278 1388 A
1307 1361 1332 1388 5.
1348 1378 1384 1381 —
1400 1362 1456 1392 4a,
1478 1362 1497 1390 4

160 1393 275 1427 plebem
296 1396 445 1422 uranicae.
466 1411 504 1415 —-
519 1395 577 1428 412,
598 1395 616 1423 4
638 1398 715 1424 inter
738 1397 891 1424 Panoniis.
906 1412 944 1416 —
958 1397 1013 1430 5a,
1036 1398 1054 1425 3
1076 1400 1234 1434 manipulis
1259 1402 1295 1426 ist
1320 1402 1347 1427 in
1372 1402 1423 1428 der
1443 1403 1496 1428 Hs.

163 1442 199 1459 zu
237 1433 294 1460 Str.
327 1432 374 1460 5b
405 1442 544 1470 gezogen.
578 1449 616 1454 —
643 1434 702 1468 5b,
734 1434 753 1463 3
783 1441 974 1464 succurreret.
1008 1451 1045 1476 —J
1081 1437 1133 1469 9a,
1167 1437 1177 1465 l
1208 1439 1293 1465 Nam.
1328 1457 1363 1459 —
1391 1440 1450 1469 91),
1482 1440 1494 1467 1

161 1471 203 1537 {Jt
219 1471 338 1538 bad-ht—,t
358 1473 526 1509 Durchweg
552 1474 592 1501 ist
619 1475 650 1501 in
671 1474 768 1502 dieser
790 1474 924 1511 Sequenz
947 1476 997 1502 der
1019 1477 1316 1513 Ubergangsperiode
1339 1479 1390 1505 der
1412 1481 1495 1506 Reirn

182 1519 216 1537 eo
239 1518 273 1538 ac
310 1520 324 1538 e
341 1532 347 1537 .

597 1637 664 1668 283.
707 1638 749 1668 De
771 1639 880 1669 sancto
902 1638 1059 1670 Samsone.

186 1726 246 1760 la.
275 1726 313 1758 In
340 1725 494 1758 Samsone

327 1774 397 1807 Deo
423 1777 465 1806 sit
491 1776 604 1816 gloria,

280 1822 380 1862 Quem
407 1823 575 1857 abundans

327 1872 468 1904 illustrat
494 1874 600 1914 gratia

375 1921 418 1953 Et
445 1921 733 1964 superabundans3

184 2009 247 2042 2a.
280 2007 351 2040 Hoc
377 2009 502 2041 censeri

330 2058 458 2089 nomine
483 2057 612 2099 meruit,

280 2107 318 2139 In
344 2105 499 2138 Samsone

326 2163 407 2194 quae
432 2158 523 2186 tanta
549 2154 676 2193 claruit,

377 2203 488 2235 Virtus
513 2203 713 2236 meritorum.

180 2291 240 2324 3³.
271 2290 323 2323 Ex
351 2289 480 2323 defectu

324 2339 388 2371 mel
414 2339 516 2380 magis
542 2337 673 2379 sufficit⁷

275 2387 321 2420 Et
347 2388 387 2420 de
413 2391 508 2428 petra

322 2436 437 2469 latices
463 2435 552 2468 elicit

371 2485 504 2526 Moyses
530 2484 702 2518 secundus

883 1729 947 1763 lb.
980 1730 1038 1763 Cui
1067 1736 1239 1772 conceptus

1025 1785 1099 1811 ante
1126 1781 1303 1820 primordia

980 1827 1103 1860 Nomen
1132 1830 1221 1861 dedit

1026 1877 1106 1909 visio
1134 1879 1254 1920 nuntia,

1078 1925 1225 1958 Sterilem
1256 1926 1445 1962 fecundans.

878 2010 940 2045 2b.
974 2012 1071 2050 Quem
1101 2013 1255 2045 distendit

1026 2062 1113 2093 virus
1141 2061 1258 2094 infusio

978 2109 1019 2140 Et
1046 2110 1191 2149 chelydri

1027 2158 1098 2190 dira
1125 2160 1301 2201 percussio,

1074 2206 1173 2238 Sonat
1205 2208 1270 2250 „sol
1299 2207 1444 2242 coru111“.

879 2292 941 2327 3b.
977 2293 1150 2325 Innocuuni

1026 2346 1156 2381 potatur
1182 2343 1335 2382 toxicum,

976 2389 1184 2422 Sacerdotem

1024 2442 1120 2470 vexat
1147 2440 1323 2472 veneficum

1071 2486 1211 2527 Spiritus
1238 2489 1428 2522 immundus.
