1655 2713
759 168 1019 203 -282—

659 300 718 331 318.
760 300 801 332 De
822 302 930 332 saneto
951 300 1127 333 Vincentio.

264 402 320 432 la.
353 402 500 435 Vim-ens,
526 405 559 431 ut
586 401 747 432 evinceret

355 449 395 479 Et
423 458 569 480 coronam
596 454 744 488 sumeret,

400 497 507 528 Exit-it
535 497 732 535 Vincentius,

260 593 318 623 23.
351 592 464 623 Mundi
490 593 675 623 transitoria

351 639 535 679 Fallacique
561 640 673 680 gloria,

404 687 521 718 Fracto
549 686 629 719 fulta
655 689 775 728 stipite,

258 799 277 813 v)
289 791 317 813 a.
351 782 521 814 Daemonis
548 784 729 823 tyrannide,

350 830 491 861 Daciauo
517 832 664 870 praeside

398 878 550 917 Totisque
576 880 729 919 saevitiis,

260 975 319 1005 43.
353 974 438 1013 Igne,
467 978 564 1013 crate,
592 973 733 1013 furculis,

355 1021 492 1051 Testulis
517 1026 546 1051 et
577 1023 700 1060 ungulis

401 1068 522 1099 Evictis
549 1069 693 1110 viriliter,

261 1166 319 1195 5³.
353 1163 404 1194 Sic
431 1168 460 1193 et
488 1164 543 1194 sie.
571 1168 604 1194 ut
630 1165 768 1196 vinceret

353 1211 394 1242 Et
423 1220 569 1242 eoronam
596 1218 744 1252 sumeret,

403 1259 510 1289 Exivit
538 1261 706 1298 potentius

924 402 939 434 1
954 402 983 434 b.
1015 402 1183 445 Mundum,
1201 412 1338 442 carnem,
1353 405 1553 448 daemonem,

1019 450 1202 482 Vincientes
1228 452 1387 484 hominem

1064 498 1172 531 Evicit
1198 501 1370 541 potentius.

921 594 983 627 2b.
1016 595 1167 634 Corporis
1194 596 1356 629 illecebris

1015 643 1057 674 Et
1084 644 1305 686 impudicitiis,

1065 690 1188 731 spurco
1216 691 1319 724 foedis
1346 694 1486 734 tramite,

918 786 979 818 3b.
1012 787 1158 825 carcere,
1186 788 1338 827 latumiis,

1012 833 1130 872 Furiis,
1159 834 1299 877 ferociis,

1062 883 1238 914 verberum
1264 885 1444 925 suppliciis,

920 977 980 1010 4b.
1013 979 1087 1010 Post
1115 983 1273 1011 tormenta
1299 982 1397 1022 varia,

1014 1026 1139 1058 Bestias
1166 1032 1195 1058 et
1223 1029 1321 1060 maria

1062 1073 1149 1107 Vicit
1176 1076 1377 1109 mirabiliter.

922 1168 984 1200 5b.
1017 1169 1082 1200 Nos
1108 1176 1285 1210 pugnantes
1311 1173 1452 1216 adiuvet,

1016 1217 1058 1249 Ut
1085 1218 1247 1250 vincentes
1274 1221 1373 1252 societ

1063 1265 1171 1296 Beatis
1198 1266 1395 1303 Vincentius

310 1353 446 1386 sequent.
462 1362 513 1378 ms.
530 1353 766 1381 Praedicatoriuu
789 1365 863 1382 saec.
884 1356 927 1383 15.
941 1358 1011 1385 cod.
1034 1362 1062 1385 S.
1085 1360 1193 1395 Ignatii
1215 1363 1428 1399 Noviomagen.
1451 1363 1496 1392 55.
1512 1381 1550 1384 —

232 1387 283 1419 4³,
306 1387 323 1414 2
343 1390 489 1416 Testibus.
513 1405 545 1408 —
568 1392 651 1418 Mer:
674 1393 765 1419 Veni
788 1399 914 1421 sancte
936 1397 1100 1429 spiritus.

651 1542 711 1573 319.
754 1541 794 1574 De
817 1547 925 1576 sancto
947 1545 1118 1577 Vincentio.

260 1639 319 1673 la,
351 1638 478 1671 Sacrani
507 1641 588 1671 diem
615 1643 766 1674 attentius

353 1687 566 1728 Celebremus,
595 1689 780 1722 Vincentius

398 1735 465 1773 Qua
493 1736 568 1766 vicit
595 1737 762 1776 supplicia.

263 1830 322 1860 22.
353 1829 460 1860 Edere
488 1831 526 1861 de
551 1831 637 1870 ligno
665 1833 757 1874 vitae,

355 1877 509 1909 Coronam
538 1879 619 1910 dabo
644 1880 738 1919 vitae,

403 1925 438 1955 In
466 1925 547 1956 albis
574 1927 733 1963 incedere,

258 2020 277 2049 3
290 2028 319 2050 a.
350 2019 481 2051 Stellam
509 2023 705 2058 matutinam,

352 2066 470 2098 Stolam
499 2068 559 2099 sibi
587 2069 691 2101 binam

393 2115 434 2146 Et
463 2125 577 2148 manna
602 2117 844 2163 absconditum3

250 2212 309 2242 4a.
343 2210 403 2241 His
431 2212 522 2243 donis
549 2214 665 2252 gaudet
691 2215 764 2247 ideo

344 2259 539 2298 Vincentius,
566 2261 597 2292 in
625 2263 733 2295 eculeo

390 2307 480 2346 Quod
506 2308 665 2342 laetanter
689 2311 811 2345 vicerit.

235 2406 264 2444 ,5
277 2412 306 2435 a.
335 2405 530 2444 Angelorum
556 2406 707 2447 obsequio

340 2451 481 2484 Fovetur
504 2458 535 2485 et
559 2455 698 2495 alloquio

387 2500 595 2534 Demulcetur
619 2503 651 2536 in
679 2513 825 2546 carcere;

919 1645 979 1678 1b.
1013 1646 1157 1678 Vincenti
1185 1649 1260 1680 dicit
1289 1650 1454 1693 Dominus,

1012 1694 1054 1726 Ut
1082 1695 1164 1726 hunc
1192 1697 1305 1728 vicisse
1331 1700 1495 1731 novimus:

1058 1742 1121 1773 Ista
1147 1743 1229 1775 dabo
1255 1748 1413 1784 praemia:

923 1835 985 1867 eb.
1019 1837 1203 1870 Columnam
1231 1840 1262 1871 in
1289 1843 1410 1881 templo
1435 1853 1505 1875 meo

1017 1884 1146 1916 Faciam
1174 1887 1266 1923 hunc,
1294 1888 1409 1921 throno
1434 1900 1504 1923 meo

1061 1933 1250 1974 Mecumque
1276 1937 1399 1975 sedere,

922 2027 983 2061 3b.
1015 2027 1137 2060 Nomen
1164 2030 1230 2061 eius
1257 2041 1318 2063 non
1347 2033 1461 2066 delebo

1014 2075 1063 2107 De
1089 2077 1171 2108 libro
1197 2079 1290 2120 ritae,
1319 2082 1376 2113 sed
1401 2085 1524 2123 augebo

1060 2124 1182 2157 Nomen
1210 2127 1277 2158 eius
1301 2128 1457 2164 inclitum.

916 2218 981 2253 4b.
1016 2220 1099 2252 Vicit
1125 2223 1236 2262 poenis
1262 2224 1293 2255 iu
1321 2226 1457 2269 acerbis,

1010 2268 1096 2300 Vicit
1121 2274 1220 2309 ustus,
1248 2272 1325 2304 vicit
1351 2275 1470 2316 verbis,

1055 2316 1114 2353 Eo,
1142 2319 1227 2358 quod
1253 2323 1417 2356 meruerit.

909 2411 970 2444 5b.
1000 2413 1147 2446 Carceris
1173 2415 1352 2451 obscuritas

1006 2461 1112 2502 Fugit,
1141 2468 1171 2494 et
1198 2463 1234 2496 fit
1260 2466 1403 2509 claritas,

1055 2511 1168 2544 Custos
1194 2514 1299 2556 coepit
1325 2517 1469 2554 credere.
