1655 2713
647 176 692 181 —
745 157 812 192 157
865 177 908 182 —

133 254 196 287 fia.
228 252 744 296 Gaudendoomnesconcrepent‚
827 253 890 287 fib.
926 252 1038 285 Gloria
1064 251 1106 282 sit
1131 251 1164 281 in
1189 249 1332 287 aethera,

228 300 398 334 sollemnia
423 306 608 335 sanctorum
927 297 1031 334 Ouius
1056 307 1154 330 saera
1177 297 1317 329 rutilant
1341 297 1439 337 dmm,

226 348 399 389 psallendo
425 350 626 383 celebrantes
923 347 1013 388 queis
1039 349 1191 378 aeternae
1217 345 1302 376 vitae

227 405 339 428 omnes
355 406 416 429 nos
434 399 560 438 pariter
577 397 740 430 dicamus:
923 394 1154 434 consequimur
1188 402 1309 433 mayna
1339 402 1435 432 prue-

151 491 153 494 Α
1208 451 1286 473 uua.

130 527 192 561 73.
223 526 290 560 Ubi
315 526 492 560 Cherubim
830 523 891 557 7b.
924 523 989 557 Ubi
1015 524 1158 555 exsultat

228 580 326 615 atque
351 574 522 615 Seraphim
549 574 723 607 Dominum
925 576 1037 603 sancta
1063 571 1249 611 angelorum
1277 580 1404 611 semper

226 623 411 656 collaudant
423 632 431 661 ς
922 623 1062 660 caterva,

130 707 190 740 82.
220 704 317 738 Dulci
347 712 526 744 personans
554 713 625 735 cum
651 710 740 741 voce,
828 701 888 733 Sb.
923 702 987 734 Ubi
1015 701 1168 733 decenter
1193 701 1299 734 locata

224 752 395 794 psallendo
422 751 517 783 simul
923 750 1030 791 Quam
1056 750 1151 781 beata

225 801 410 834 harmonica
437 799 599 839 carmiua;
920 800 1111 830 sanctorum
1137 800 1214 829 suut
1239 796 1397 837 aymina!

128 886 188 918 92.
218 884 255 916 In
281 883 379 916 terris
407 882 461 923 qui
487 891 544 914 sua
827 880 889 913 9b.
923 881 986 911 Pro
1013 880 1151 915 Christo,
1179 878 1320 910 omnium

223 932 319 964 morti
344 931 521 964 subdidere
548 939 686 970 corpora
924 937 1010 969 rege,
1039 928 1089 959 cui
1116 927 1157 958 sit
1184 931 1213 957 et
1241 926 1353 966 gloria¹

105 1017 189 1050 10a.
221 1015 341 1054 VirtuS‚
368 1014 478 1056 honor,
506 1012 662 1054 potentia,
800 1011 843 1044 10
857 1010 888 1043 b.
920 1010 1119 1049 Angelorum
1146 1008 1308 1047 caelestia7

223 1063 388 1103 splendor,
415 1062 563 1094 iubilatio
919 1058 1117 1090 Trinitatem
1143 1059 1292 1089 sanctam

223 1120 283 1152 per
307 1111 415 1143 saecla
439 1114 590 1151 aeterna3
918 1106 1085 1139 cernentia

224 1159 297 1191 huic
323 1159 417 1191 simul
443 1162 551 1191 astant
920 1155 954 1186 iu
978 1154 1086 1195 yloria
1112 1156 1246 1186 aeterna

221 1217 349 1248 agmina

104 1292 145 1324 11
158 1301 186 1325 a.
219 1290 372 1329 Petimus,
799 1287 838 1319 11
859 1286 890 1318 b.
923 1286 1065 1318 Cernere

220 1343 256 1371 ut
282 1348 353 1371 cum
379 1338 500 1370 sanetis
526 1336 590 1369 frui
923 1338 955 1365 et
981 1337 1012 1364 te
1040 1333 1156 1373 Deum,
1184 1336 1293 1365 natum

221 1387 368 1430 paradisi
924 1382 964 1414 de
991 1382 1127 1422 virgine,

222 1436 382 1478 possimus
408 1433 535 1474 gaudiis
922 1431 955 1461 in
982 1429 1045 1461 fine
1071 1434 1261 1469 temporum,

495 1515 551 1548 12.
579 1515 639 1554 Qui
668 1524 739 1546 cum
767 1516 861 1554 patre
887 1516 918 1544 et
945 1512 1062 1552 spiritu

580 1572 613 1594 es
640 1567 714 1595 ante
741 1561 880 1594 saecula.

178 1648 268 1677 Grad.
295 1656 348 1674 ms.
376 1645 603 1672 Marchianense
630 1653 706 1671 saec.
738 1641 781 1670 14.
810 1641 880 1669 Cod.
908 1642 1039 1668 Duaceu.
1072 1639 1133 1667 114.
1164 1641 1196 1666 Α.
1224 1653 1262 1658 -
1288 1639 1371 1666 Pros.
1401 1642 1429 1664 et

100 1688 199 1724 hymn.
234 1696 287 1714 ms,
319 1684 548 1713 Marchianense
580 1691 657 1710 saec.
691 1681 736 1710 15.
767 1681 838 1709 Cod.
872 1681 1004 1707 Duacen.
1037 1677 1100 1707 123.
1133 1680 1165 1706 Β,
1195 1693 1228 1696 -
1261 1678 1344 1704 Miss.
1377 1685 1429 1704 ins.

99 1726 331 1755 Marchianense
359 1732 435 1751 saec.
467 1721 510 1750 12.
539 1722 611 1750 Cod.
639 1722 769 1749 Duacen.
793 1718 839 1748 62.
866 1719 931 1746 add.
972 1727 1047 1745 saec.
1078 1716 1122 1744 15.
1153 1718 1185 1745 C.
1207 1731 1243 1735 —
1264 1717 1347 1744 Miss.
1377 1724 1430 1742 ms.

100 1766 330 1794 Marchianense
357 1771 434 1790 saec.
466 1760 509 1790 16.
538 1763 577 1789 in.
603 1759 674 1788 God.
706 1761 838 1788 Duacen.
865 1756 910 1785 89.
933 1758 969 1784 Ι).
991 1771 1027 1775 -
1049 1754 1109 1788 9a.
1139 1755 1152 1783 1
1182 1757 1233 1792 qui
1260 1764 1314 1782 sua
1343 1754 1430 1781 morti

99 1804 257 1833 subdidere
284 1802 358 1831 fehlt
389 1802 420 1829 C.
452 1815 490 1820 -
520 1799 582 1832 9b,
613 1798 631 1827 2
661 1799 734 1826 fehlt
764 1798 796 1826 C.
829 1813 865 1816 —
898 1795 976 1829 loa,
1012 1793 1030 1822 2
1061 1795 1134 1822 fehlt
1161 1795 1192 1822 C.
1221 1809 1257 1812 —
1285 1793 1427 1821 Melodie:

102 1840 332 1880 „Pretiosa“;
354 1841 414 1877 vgl.
436 1839 484 1867 die
505 1839 591 1867 Anal.
614 1839 677 1870 XL,
699 1838 750 1865 Nr.
775 1834 827 1864 131
850 1835 1024 1871 gemaehten
1042 1834 1267 1869 Bemerkungen
1289 1833 1361 1860 iiber
1382 1832 1430 1859 die

99 1883 176 1911 nach
196 1882 308 1910 diesem
330 1880 457 1908 Schema
477 1878 631 1916 gehenden
656 1877 838 1912 Sequenzen.
875 1874 1115 1901 Beachtenswert
1135 1872 1201 1899 sind
1222 1871 1430 1900 insbesonders

96 1922 145 1950 die
185 1919 418 1949 verschiedeneu
456 1914 763 1953 Berfihrungspunkte
805 1914 903 1941 dieser
938 1914 1072 1949 Sequenz
1111 1912 1165 1938 mit
1198 1911 1283 1938 Anal.
1319 1911 1429 1945 Hymn.

95 1961 251 1989 XXXVII.
272 1960 325 1987 Nr.
346 1956 412 1987 333.

493 2055 554 2087 170.
595 2054 637 2086 De
659 2050 779 2084 sanctis
800 2049 1033 2083 Innocentibus.

545 2147 575 2180 1.
603 2144 716 2177 Laude
741 2141 887 2183 piissima

601 2191 821 2225 collaudemus
847 2189 976 2233 ubique,
1003 2189 1063 2229 eia,

596 2241 710 2274 Mente
735 2247 877 2279 voceque
900 2247 1026 2280 sonora,

120 2340 182 2372 2³.
214 2336 395 2377 clangente
421 2329 617 2375 symphonia
818 2324 882 2360 2b.
912 2324 1108 2358 Iudicabunt
1134 2323 1321 2355 innocentes

214 2385 332 2427 Deum,
361 2382 412 2415 cui
432 2379 604 2422 praeclara
915 2376 1012 2414 atque
1038 2372 1145 2404 cuncti
1172 2381 1243 2404 cum
1270 2371 1399 2404 Christo

219 2433 277 2467 dat
299 2431 414 2466 laudes
440 2431 620 2469 martyrum
639 2423 735 2456 turba
915 2422 1020 2454 sancti
1045 2421 1192 2453 nationes
1217 2423 1314 2461 atque

219 2483 388 2524 gratanter
404 2487 465 2522 per
482 2475 591 2510 saecla
609 2476 734 2507 cuncta.
916 2473 1028 2512 gentes
1061 2469 1150 2502 orbis
1175 2472 1282 2502 terrae
1308 2478 1428 2503 omnes„
