1655 2713
217 765 254 811 Ι.
298 767 591 825 Sequentiae
624 773 814 821 Fratris
845 777 898 823 N.
930 779 1140 826 Hamelii
1173 784 1431 831 Victorini.

531 963 598 995 336.
641 963 683 996 De
706 967 970 1002 Praesentatione
992 972 1101 1004 BALV.

177 1049 234 1081 la.
262 1049 433 1083 Adunetur
459 1056 544 1085 totus
572 1055 689 1087 chorus

270 1098 313 1129 Et
345 1099 515 1132 multorum
544 1103 586 1134 sit
613 1110 785 1138 concentus

317 1147 354 1178 In
381 1148 488 1181 laudis
515 1152 733 1190 praeconium.

169 1232 229 1264 2a.
262 1232 476 1267 Consecratur
502 1241 533 1269 et
559 1238 691 1272 effertur

266 1280 309 1312 Et
336 1282 369 1314 in
396 1285 516 1324 templo
544 1287 715 1321 dedicatur

313 1330 411 1371 Virgo
438 1338 550 1366 sancta
575 1336 608 1368 in
634 1337 694 1369 hac
717 1339 780 1372 die.

167 1415 229 1448 3a.
259 1416 357 1449 Anna
381 1425 485 1451 mater
511 1422 598 1462 parit
623 1427 764 1467 gnatam,

265 1465 343 1497 Post
358 1470 424 1498 tres
435 1477 535 1501 annos
546 1470 627 1502 hane
637 1472 779 1506 oblatam

313 1514 415 1547 Effert
442 1517 513 1549 Deo
539 1519 709 1558 primitias

172 1600 232 1633 4a.
264 1601 359 1633 Anna
389 1608 493 1636 mater
518 1610 593 1645 post
619 1607 748 1641 vicenos

265 1648 458 1690 Reportavit
483 1652 607 1686 fructus
635 1665 748 1699 san053

314 1698 515 1733 Germinavit
524 1711 648 1736 sacrum
660 1704 782 1741 florem.

165 1784 227 1818 5a.
262 1784 372 1827 Stirpe
399 1793 474 1821 nata
502 1790 543 1822 de
569 1793 671 1832 regali

261 1833 361 1867 Simul
389 1840 421 1868 et
451 1839 646 1872 sacerdotali

310 1882 456 1917 Duxerat
482 1888 658 1932 originem3

162 1970 224 2003 62.
254 1971 363 2004 Radix
390 1974 497 2015 Anna,
525 1976 615 2018 virga
643 1978 743 2022 virgo,

258 2019 794 2069 FlosestChristusinboemundo,

308 2070 370 2110 Qui
398 2076 491 2104 natus
518 2083 537 2105 a
562 2075 745 2119 principi03

161 2155 220 2188 7a.
256 2156 412 2190 Obtulisti
440 2157 581 2193 fructum
609 2164 729 2196 ventris

256 2205 354 2238 Ultra
380 2211 508 2248 tempus
534 2210 692 2249 parientis

258 2254 338 2286 Mox
365 2255 397 2287 in
424 2257 546 2298 templo
573 2258 716 2301 deitatis,

306 2303 391 2336 Dum
427 2305 565 2338 babetur
591 2307 775 2343 triennium.

159 2389 222 2424 8a.
255 2390 473 2432 Temetipsam
500 2393 648 2426 obtulisti

254 2439 364 2480 Atque
389 2440 439 2472 illi
466 2441 638 2482 devovisti,

305 2487 468 2530 Obsequio
493 2490 688 2532 subdidisti;

874 1061 935 1095 1b.
972 1063 1080 1105 Virgo,
1110 1066 1263 1105 templum
1291 1068 1457 1108 trinitatis,

970 1110 1153 1144 Sacrarium
1181 1114 1321 1155 deitatis,

1017 1159 1133 1192 Nobile
1160 1162 1344 1205 triclinium,

870 1245 933 1279 2b.
967 1246 1025 1278 Cui
1054 1248 1189 1280 debetur
1216 1250 1334 1293 honor,
1370 1254 1482 1294 virtus,

966 1295 1063 1327 Humi
1088 1297 1182 1339 iacet,
1211 1299 1293 1330 sicut
1320 1302 1452 1338 nardus

1013 1344 1121 1377 Mater
1147 1347 1246 1386 pacis,
1279 1348 1478 1384 clementiae.

867 1428 931 1461 3b.
966 1430 1211 1472 Paranymphus
1250 1440 1477 1476 concepturam

968 1479 1182 1521 Praedicavit‚
1210 1484 1388 1521 parituram

1012 1528 1087 1558 Post
1117 1533 1223 1561 tantas
1249 1532 1407 1567 inducias,

871 1611 934 1645 4b.
966 1614 1070 1646 Annis
1096 1616 1191 1648 Anna
1224 1619 1311 1657 parit
1340 1625 1478 1663 gnatam,

968 1661 1073 1694 Gnata
1100 1664 1224 1704 profert
1251 1667 1456 1708 salvatorem,

1014 1711 1093 1743 Rem
1118 1714 1272 1746 miramur
1290 1715 1477 1751 inauditam.

869 1799 886 1829 5
900 1796 930 1828 b.
964 1799 1041 1838 Ipsa
1059 1809 1194 1840 namque
1213 1802 1316 1834 Deum
1332 1814 1480 1845 magnum

965 1847 1117 1880 I'aritura
1143 1852 1305 1891 egregium

1012 1896 1131 1937 Regem
1160 1903 1189 1930 et
1217 1900 1413 1940 pontificem.

869 1981 934 2015 6b.
966 1983 1055 2015 Inter
1081 1989 1174 2018 natos
1201 1994 1417 2027 renascentes,

961 2032 995 2064 In
1021 2033 1081 2065 hoc
1109 2035 1227 2067 mundo
1254 2039 1428 2078 vagientes.

1014 2081 1151 2115 Dotatus
1179 2085 1360 2126 privilegio.

866 2166 926 2201 7b.
955 2168 1019 2200 Sed
1047 2179 1081 2201 se
1107 2170 1200 2202 offert
1226 2177 1257 2202 et
1283 2172 1427 2212 offertur,

961 2217 1003 2250 Se
1022 2222 1219 2261 praesentat,
1240 2227 1475 2260 praesentatur.

961 2265 1172 2298 Praesentata
1199 2269 1354 2308 recipitur

1008 2314 1043 2345 ln
1073 2314 1216 2347 divinum
1244 2317 1443 2358 obsequium.

864 2399 927 2433 8b.
960 2400 1072 2441 Neque
1103 2402 1182 2434 satis
1208 2407 1258 2435 est
1283 2404 1315 2436 in
1342 2407 1473 2449 templo,

960 2448 1029 2480 Nisi
1057 2449 1096 2480 sit
1124 2450 1156 2482 in
1183 2452 1281 2484 corde
1307 2459 1428 2493 nostro,

1007 2498 1105 2537 Quem
1121 2508 1252 2532 manere
1266 2504 1473 2544 praecepisti.
