1655 2713
672 169 937 204 —185—

157 259 220 293 Sa.
251 259 377 300 Sponso
403 270 524 302 sponsa
549 264 702 306 iungitur,

254 307 324 339 Nec
350 308 402 340 hic
428 319 486 342 nec
506 311 585 344 haec
603 313 768 354 polluitur,

252 355 376 388 Menda
402 355 507 391 famae
533 361 687 401 sequitur.

156 453 217 484 4a.
250 451 277 484 Ο
303 461 430 485 sacrum
457 458 689 498 concambium,

253 500 323 540 Quo
348 501 435 533 vitae
461 505 688 545 compendium

157 598 219 630 52.
250 596 304 629 Sic
329 606 448 638 sagena

252 645 366 686 Maris,
394 655 486 685 vena,

250 692 305 726 Sic
330 703 475 735 amoena,

252 741 306 774 Sic
330 742 491 775 obscoena

303 790 400 831 Capit
425 800 528 832 aquae
554 792 662 833 varia3

151 887 215 920 62.
247 887 274 920 Ο
300 888 412 928 regina
438 888 663 930 Knnegundis‚

250 935 299 967 De
326 934 497 976 profundis

250 983 317 1015 Nos
343 984 492 1016 iucundis

300 1030 426 1065 Perfrni
454 1031 506 1064 fac
532 1033 642 1074 atriis3

154 1129 212 1160 7a.
243 1128 384 1160 Mundus
411 1129 496 1168 perit

248 1176 292 1208 Et
318 1185 376 1208 nec
400 1177 473 1216 erit,

247 1224 338 1256 Finis
363 1225 461 1267 venit,
490 1226 566 1267 Vae,
589 1226 656 1258 Vae
673 1227 764 1267 serit,

295 1273 394 1305 Redit
421 1274 464 1306 ad
490 1274 646 1314 originem

295 1323 418 1361 Homo,
445 1322 527 1354 cinis
553 1323 586 1354 in
611 1323 764 1357 cinerem.

151 1408 213 1443 Sa.
248 1409 346 1449 Ergo⁷
375 1409 464 1449 virgo
488 1413 519 1440 et
546 1409 668 1450 regina,

248 1457 364 1490 Carnis
392 1457 484 1489 huius
512 1457 552 1489 de
578 1458 705 1490 sentina

244 1506 340 1538 Ande
367 1514 481 1546 preces
507 1510 539 1537 et
564 1506 685 1537 inclina

295 1553 395 1586 Dirae
422 1554 535 1586 mortis
557 1555 660 1594 paria,

855 267 918 302 3b.
950 267 1063 300 Videri
1090 267 1175 308 quod
1202 268 1328 307 colitur,

950 316 1014 349 Per
1040 325 1201 348 vomerum
1229 316 1378 357 demitur,

952 365 1009 396 Vis
1035 374 1054 396 a
1079 365 1109 396 vi
1137 364 1321 405 depellitur.

855 459 918 492 4b.
949 461 1080 501 Quaerit
1108 461 1230 494 habens
1257 462 1397 494 taedium

950 509 1103 541 Martiale
1129 510 1288 542 studium!

855 603 918 637 5b.
949 605 1118 645 Agnigena

950 652 1019 684 Deo
1046 653 1140 693 plena

950 700 1046 740 Legis
1074 701 1155 733 dena

950 747 1025 780 Sine
1050 758 1154 788 poena

1000 796 1101 828 Solvit
1130 798 1219 838 virgo
1246 798 1365 831 sobria.

851 890 915 924 6b.
947 891 972 923 O
1001 892 1109 932 regina
1137 893 1358 934 Kunegnndis,

948 940 1152 971 Moribundis

947 987 997 1019 Ex
1025 988 1073 1019 his
1100 989 1194 1020 undis

996 1036 1110 1067 Redde
1136 1041 1221 1068 tutos
1248 1038 1345 1071 vitiis,

853 1131 914 1163 Tb.
949 1131 1031 1163 Caro
1059 1132 1159 1164 laedit

947 1180 989 1211 Et
1016 1180 1127 1212 obedit

946 1228 1017 1270 His,
1046 1238 1126 1268 qnae
1154 1230 1260 1260 carnis
1288 1230 1356 1261 lues
1383 1230 1460 1269 edit,

994 1277 1111 1308 Mortis
1135 1277 1239 1317 imago
1267 1277 1353 1318 ferit,

993 1324 1129 1365 Sanguis
1145 1327 1332 1366 sangninem
1344 1327 1459 1367 tetigit,

850 1409 914 1443 8b.
946 1411 988 1443 Ut
1017 1412 1164 1443 caelestis
1192 1421 1251 1452 per
1275 1418 1306 1444 te
1335 1414 1430 1445 vestis

945 1459 1049 1491 Detur
1075 1461 1205 1491 maestis
1232 1461 1264 1492 in
1288 1461 1337 1493 his
1357 1461 1459 1499 festis,

946 1507 1046 1539 Cedat
1066 1509 1177 1547 pestis,
1205 1518 1285 1549 quae
1305 1510 1344 1541 de
1363 1510 1460 1550 gestis

993 1556 1105 1596 Exigit
1131 1557 1301 1596 supplicia.

203 1651 314 1686 Hymn.
336 1653 365 1678 et
387 1650 528 1686 Sequent.
550 1660 602 1678 ms.
618 1651 860 1678 Emmeramense
882 1660 958 1678 saec.
984 1650 1025 1678 15.
1041 1652 1114 1679 clm.
1131 1653 1283 1679 Monacen.
1304 1651 1408 1680 14667.
1426 1667 1462 1672 —-

123 1687 178 1722 5³,
202 1688 215 1716 1
238 1689 317 1725 Agni
338 1697 427 1722 cena3
449 1698 486 1716 zu
506 1689 663 1725 Agnigena
685 1690 735 1716 cfr.
758 1689 958 1726 Christigena.
981 1705 1018 1709 —
1040 1689 1091 1721 Ta,
1113 1690 1131 1717 3
1153 1691 1215 1718 Vae
1238 1693 1341 1718 saevit.
1366 1706 1401 1710 ——
1428 1693 1461 1719 [ιι

124 1728 223 1756 dieser
242 1728 376 1763 Sequenz
398 1726 493 1755 bleibt
514 1728 654 1756 manches
670 1728 770 1756 Ritsel
794 1729 939 1765 ungelfist.

548 1900 619 1930 204.
662 1900 703 1931 De
726 1902 835 1931 sancto
857 1900 1031 1932 Lamberto.

148 2002 165 2034 1
178 2010 207 2034 a.
238 2000 470 2033 Laetabundus

242 2049 420 2090 Lamperto
447 2049 599 2082 decantat
626 2050 742 2082 chorus

288 2098 442 2133 Alleluia.

145 2197 165 2229 2
180 2203 209 2229 a.
240 2194 396 2228 Orinntnr
422 2194 607 2235 splendidi:

241 2243 391 2276 Lucerna
418 2242 459 2275 de
484 2242 600 2283 sterili,

292 2291 347 2325 Sol
374 2291 415 2324 de
442 2291 556 2333 stella;

145 2389 209 2424 32..
240 2388 331 2422 Sicut
356 2389 405 2421 sol
430 2397 490 2430 per
515 2388 654 2426 radium,

242 2437 293 2471 Tu
316 2437 462 2470 illustras
487 2437 651 2470 saeculum

289 2486 365 2520 Pari
393 2484 517 2527 forma3

844 2001 905 2035 lb.
938 2003 1018 2043 Regi
1043 2011 1152 2043 regum

942 2051 1093 2083 Exsultat
1119 2052 1151 2084 in
1179 2052 1252 2084 alvo
1279 2056 1417 2093 sanctus,

989 2100 1053 2132 Res
1081 2100 1239 2134 miranda.

847 2194 912 2229 2b.
944 2195 969 2228 O
996 2195 1129 2228 lucerna
1156 2196 1324 2235 luminans,

944 2243 1068 2275 Mundo
1095 2253 1223 2284 semper
1250 2245 1397 2287 rutilans,

994 2291 1129 2332 Semper
1156 2292 1253 2326 clara.

846 2388 908 2424 3b.
930 2388 1042 2428 Neque
1069 2388 1146 2420 solis
1173 2389 1316 2427 claritas,

944 2436 1056 2477 Neque
1081 2442 1135 2469 tua
1159 2437 1314 2470 sanctitas

990 2486 1044 2518 Fit
1072 2490 1234 2526 corrupta.
