<?xml version="1.0" encoding="UTF-8"?>
<!DOCTYPE html PUBLIC "-//W3C//DTD XHTML 1.0 Transitional//EN"
    "http://www.w3.org/TR/xhtml1/DTD/xhtml1-transitional.dtd">
<html xmlns="http://www.w3.org/1999/xhtml" xml:lang="en" lang="en">
 <head>
  <title>
</title>
<meta http-equiv="Content-Type" content="text/html;charset=utf-8" />
  <meta name='ocr-system' content='tesseract 3.04.00' />
  <meta name='ocr-capabilities' content='ocr_page ocr_carea ocr_par ocr_line ocrx_word'/>
</head>
<body>
  <div class='ocr_page' id='page_1' title='image "./analectahymnica44drevuoft_0138.png"; bbox 0 0 1655 2713; ppageno 0'>
   <div class='ocr_carea' id='block_1_1' title="bbox 662 146 927 182">
    <p class='ocr_par' dir='ltr' id='par_1_1' title="bbox 662 146 927 182">
     <span class='ocr_line' id='line_1_1' title="bbox 662 146 927 182; baseline -0.008 1"><span class='ocrx_word' id='word_1_1' title='bbox 662 146 927 182; x_wconf 86' lang='lat'>—135—</span> 
     </span>
    </p>
   </div>
   <div class='ocr_carea' id='block_1_2' title="bbox 152 238 1459 376">
    <p class='ocr_par' dir='ltr' id='par_1_2' title="bbox 152 238 1459 376">
     <span class='ocr_line' id='line_1_2' title="bbox 152 238 1459 286; baseline -0.008 -7"><span class='ocrx_word' id='word_1_2' title='bbox 152 248 213 279; x_wconf 84' lang='lat' dir='ltr'>4a.</span> <span class='ocrx_word' id='word_1_3' title='bbox 245 244 335 278; x_wconf 89' lang='lat' dir='ltr'>Sicut</span> <span class='ocrx_word' id='word_1_4' title='bbox 369 245 457 277; x_wconf 84' lang='lat' dir='ltr'>virus</span> <span class='ocrx_word' id='word_1_5' title='bbox 498 243 618 278; x_wconf 85' lang='lat' dir='ltr'>fontem</span> <span class='ocrx_word' id='word_1_6' title='bbox 644 245 762 286; x_wconf 89' lang='lat' dir='ltr'>vivum,</span> <span class='ocrx_word' id='word_1_7' title='bbox 849 243 911 277; x_wconf 83' lang='lat' dir='ltr'>4b.</span> <span class='ocrx_word' id='word_1_8' title='bbox 945 242 1038 275; x_wconf 90' lang='lat' dir='ltr'>Hunc</span> <span class='ocrx_word' id='word_1_9' title='bbox 1063 241 1198 273; x_wconf 86' lang='lat' dir='ltr'>honorat</span> <span class='ocrx_word' id='word_1_10' title='bbox 1218 238 1325 280; x_wconf 86' lang='lat' dir='ltr'>fulgor</span> <span class='ocrx_word' id='word_1_11' title='bbox 1342 238 1459 277; x_wconf 73' lang='lat' dir='ltr'>trinuS,</span> 
     </span>
     <span class='ocr_line' id='line_1_3' title="bbox 250 286 1457 328; baseline -0.007 -3"><span class='ocrx_word' id='word_1_12' title='bbox 250 293 304 326; x_wconf 88' lang='lat' dir='ltr'>Sic</span> <span class='ocrx_word' id='word_1_13' title='bbox 329 293 475 325; x_wconf 88' lang='lat' dir='ltr'>vinosum</span> <span class='ocrx_word' id='word_1_14' title='bbox 502 292 579 325; x_wconf 86' lang='lat' dir='ltr'>fecit</span> <span class='ocrx_word' id='word_1_15' title='bbox 605 293 707 325; x_wconf 86' lang='lat' dir='ltr'>rivum</span> <span class='ocrx_word' id='word_1_16' title='bbox 947 291 1024 324; x_wconf 89' lang='lat' dir='ltr'>Cum</span> <span class='ocrx_word' id='word_1_17' title='bbox 1051 290 1091 322; x_wconf 90' lang='lat' dir='ltr'>ad</span> <span class='ocrx_word' id='word_1_18' title='bbox 1118 288 1200 321; x_wconf 85' lang='lat' dir='ltr'>caeli</span> <span class='ocrx_word' id='word_1_19' title='bbox 1226 287 1341 328; x_wconf 85' lang='lat' dir='ltr'>migrat</span> <span class='ocrx_word' id='word_1_20' title='bbox 1368 286 1457 317; x_wconf 83' lang='lat' dir='ltr'>sinus</span> 
     </span>
     <span class='ocr_line' id='line_1_4' title="bbox 302 335 1375 376; baseline -0.008 -2"><span class='ocrx_word' id='word_1_21' title='bbox 302 341 479 374; x_wconf 85' lang='lat' dir='ltr'>Posthumo</span> <span class='ocrx_word' id='word_1_22' title='bbox 506 341 672 374; x_wconf 84' lang='lat' dir='ltr'>miraculo.</span> <span class='ocrx_word' id='word_1_23' title='bbox 993 338 1107 372; x_wconf 88' lang='lat' dir='ltr'>Carnis</span> <span class='ocrx_word' id='word_1_24' title='bbox 1134 346 1173 369; x_wconf 81' lang='lat' dir='ltr'>ex</span> <span class='ocrx_word' id='word_1_25' title='bbox 1199 335 1375 376; x_wconf 83' lang='lat' dir='ltr'>ergastulo.</span> 
     </span>
    </p>
   </div>
   <div class='ocr_carea' id='block_1_3' title="bbox 155 441 1456 582">
    <p class='ocr_par' dir='ltr' id='par_1_3' title="bbox 155 441 1456 582">
     <span class='ocr_line' id='line_1_5' title="bbox 155 441 1414 488; baseline -0.007 -7"><span class='ocrx_word' id='word_1_26' title='bbox 155 451 216 482; x_wconf 83' lang='lat' dir='ltr'>5a.</span> <span class='ocrx_word' id='word_1_27' title='bbox 248 448 372 480; x_wconf 83' lang='lat' dir='ltr'>Tauros</span> <span class='ocrx_word' id='word_1_28' title='bbox 409 448 517 480; x_wconf 88' lang='lat' dir='ltr'>domat</span> <span class='ocrx_word' id='word_1_29' title='bbox 549 454 585 479; x_wconf 82' lang='lat' dir='ltr'>se</span> <span class='ocrx_word' id='word_1_30' title='bbox 610 445 761 488; x_wconf 78' lang='lat' dir='ltr'>ferentes,</span> <span class='ocrx_word' id='word_1_31' title='bbox 849 446 912 480; x_wconf 86' lang='lat' dir='ltr'>5b.</span> <span class='ocrx_word' id='word_1_32' title='bbox 944 445 1047 477; x_wconf 87' lang='lat' dir='ltr'>Huius</span> <span class='ocrx_word' id='word_1_33' title='bbox 1072 452 1203 484; x_wconf 87' lang='lat' dir='ltr'>precum</span> <span class='ocrx_word' id='word_1_34' title='bbox 1231 442 1316 474; x_wconf 92' lang='lat' dir='ltr'>dulci</span> <span class='ocrx_word' id='word_1_35' title='bbox 1342 441 1414 481; x_wconf 82' lang='lat' dir='ltr'>lyra</span> 
     </span>
     <span class='ocr_line' id='line_1_6' title="bbox 251 489 1381 538; baseline -0.008 -9"><span class='ocrx_word' id='word_1_36' title='bbox 251 498 314 530; x_wconf 91' lang='lat' dir='ltr'>Per</span> <span class='ocrx_word' id='word_1_37' title='bbox 339 500 511 538; x_wconf 84' lang='lat' dir='ltr'>septennes</span> <span class='ocrx_word' id='word_1_38' title='bbox 536 496 722 527; x_wconf 89' lang='lat' dir='ltr'>innocentes</span> <span class='ocrx_word' id='word_1_39' title='bbox 945 493 1154 526; x_wconf 88' lang='lat' dir='ltr'>Mansuescat</span> <span class='ocrx_word' id='word_1_40' title='bbox 1179 491 1296 523; x_wconf 86' lang='lat' dir='ltr'>vindex</span> <span class='ocrx_word' id='word_1_41' title='bbox 1322 489 1381 530; x_wconf 81' lang='lat' dir='ltr'>ira,</span> 
     </span>
     <span class='ocr_line' id='line_1_7' title="bbox 301 537 1456 582; baseline -0.007 -5"><span class='ocrx_word' id='word_1_42' title='bbox 301 544 341 577; x_wconf 89' lang='lat' dir='ltr'>Se</span> <span class='ocrx_word' id='word_1_43' title='bbox 367 545 512 578; x_wconf 85' lang='lat' dir='ltr'>Peronae</span> <span class='ocrx_word' id='word_1_44' title='bbox 538 543 662 577; x_wconf 81' lang='lat' dir='ltr'>tribuit.</span> <span class='ocrx_word' id='word_1_45' title='bbox 992 542 1092 582; x_wconf 83' lang='lat' dir='ltr'>Quam</span> <span class='ocrx_word' id='word_1_46' title='bbox 1100 537 1456 581; x_wconf 82' lang='lat' dir='ltr'>grexpeccansmeruit.</span> 
     </span>
    </p>
   </div>
   <div class='ocr_carea' id='block_1_4' title="bbox 134 641 1455 725">
    <p class='ocr_par' dir='ltr' id='par_1_4' title="bbox 134 641 1455 725">
     <span class='ocr_line' id='line_1_8' title="bbox 134 641 1455 717; baseline -0.008 -39"><span class='ocrx_word' id='word_1_47' title='bbox 134 689 179 717; x_wconf 73' lang='lat' dir='ltr'>Gh</span> <span class='ocrx_word' id='word_1_48' title='bbox 211 650 337 701; x_wconf 26' lang='lat' dir='ltr'>Colgank.⁴</span> <span class='ocrx_word' id='word_1_49' title='bbox 367 650 450 677; x_wconf 82' lang='lat' dir='ltr'>Acta.</span> <span class='ocrx_word' id='word_1_50' title='bbox 486 649 538 677; x_wconf 71' lang='lat' dir='ltr'>SS.</span> <span class='ocrx_word' id='word_1_51' title='bbox 576 648 738 676; x_wconf 86' lang='lat' dir='ltr'>Hiberniae</span> <span class='ocrx_word' id='word_1_52' title='bbox 775 656 802 683; x_wconf 92' lang='lat' dir='ltr'>p.</span> <span class='ocrx_word' id='word_1_53' title='bbox 841 645 877 674; x_wconf 83' lang='grc'>89</span> <span class='ocrx_word' id='word_1_54' title='bbox 912 647 965 673; x_wconf 87' lang='lat' dir='ltr'>mit</span> <span class='ocrx_word' id='word_1_55' title='bbox 999 645 1050 672; x_wconf 87' lang='lat' dir='ltr'>der</span> <span class='ocrx_word' id='word_1_56' title='bbox 1084 645 1206 680; x_wconf 85' lang='lat' dir='ltr'>Angabe</span> <span class='ocrx_word' id='word_1_57' title='bbox 1243 643 1305 678; x_wconf 84' lang='lat' dir='ltr'>„Ex</span> <span class='ocrx_word' id='word_1_58' title='bbox 1338 641 1455 669; x_wconf 81' lang='lat' dir='ltr'>Missali</span> 
     </span>
     <span class='ocr_line' id='line_1_9' title="bbox 181 698 320 725; baseline -0.007 -8"><span class='ocrx_word' id='word_1_59' title='bbox 181 698 231 717; x_wconf 89' lang='lat' dir='ltr'>em</span> <span class='ocrx_word' id='word_1_60' title='bbox 254 698 320 725; x_wconf 88' lang='lat' dir='ltr'>pen.</span> 
     </span>
    </p>
   </div>
   <div class='ocr_carea' id='block_1_5' title="bbox 571 787 1030 823">
    <p class='ocr_par' dir='ltr' id='par_1_5' title="bbox 571 787 1030 823">
     <span class='ocr_line' id='line_1_10' title="bbox 571 787 1030 823; baseline -0.013 0"><span class='ocrx_word' id='word_1_61' title='bbox 571 791 633 823; x_wconf 73' lang='lat'>143.</span> <span class='ocrx_word' id='word_1_62' title='bbox 674 791 718 822; x_wconf 87' lang='lat' dir='ltr'>De</span> <span class='ocrx_word' id='word_1_63' title='bbox 742 792 851 822; x_wconf 83' lang='lat' dir='ltr'>sancto</span> <span class='ocrx_word' id='word_1_64' title='bbox 873 787 1030 820; x_wconf 80' lang='lat' dir='ltr'>Gabriele.</span> 
     </span>
    </p>
   </div>
   <div class='ocr_carea' id='block_1_6' title="bbox 137 874 1471 1968">
    <p class='ocr_par' dir='ltr' id='par_1_6' title="bbox 137 874 1471 1968">
     <span class='ocr_line' id='line_1_11' title="bbox 160 874 1413 922; baseline -0.009 -6"><span class='ocrx_word' id='word_1_65' title='bbox 160 883 220 916; x_wconf 81' lang='lat' dir='ltr'>la.</span> <span class='ocrx_word' id='word_1_66' title='bbox 255 883 411 922; x_wconf 83' lang='lat' dir='ltr'>Gabrieli‚</span> <span class='ocrx_word' id='word_1_67' title='bbox 438 883 549 914; x_wconf 88' lang='lat' dir='ltr'>nuntio</span> <span class='ocrx_word' id='word_1_68' title='bbox 854 879 914 912; x_wconf 88' lang='lat' dir='ltr'>lb.</span> <span class='ocrx_word' id='word_1_69' title='bbox 948 876 1079 909; x_wconf 82' lang='lat' dir='ltr'>Confert</span> <span class='ocrx_word' id='word_1_70' title='bbox 1107 875 1226 907; x_wconf 89' lang='lat' dir='ltr'>mundo</span> <span class='ocrx_word' id='word_1_71' title='bbox 1251 874 1413 915; x_wconf 85' lang='lat' dir='ltr'>gaudium,</span> 
     </span>
     <span class='ocr_line' id='line_1_12' title="bbox 258 922 1332 971; baseline -0.009 -8"><span class='ocrx_word' id='word_1_72' title='bbox 258 931 354 971; x_wconf 87' lang='lat' dir='ltr'>Regis</span> <span class='ocrx_word' id='word_1_73' title='bbox 381 931 472 967; x_wconf 85' lang='lat' dir='ltr'>caeli,</span> <span class='ocrx_word' id='word_1_74' title='bbox 502 929 607 961; x_wconf 83' lang='lat' dir='ltr'>contio</span> <span class='ocrx_word' id='word_1_75' title='bbox 949 926 1032 957; x_wconf 86' lang='lat' dir='ltr'>Dum</span> <span class='ocrx_word' id='word_1_76' title='bbox 1060 924 1123 956; x_wconf 86' lang='lat' dir='ltr'>fert</span> <span class='ocrx_word' id='word_1_77' title='bbox 1151 923 1211 955; x_wconf 87' lang='lat' dir='ltr'>Dei</span> <span class='ocrx_word' id='word_1_78' title='bbox 1235 922 1332 954; x_wconf 83' lang='lat' dir='ltr'>filium</span> 
     </span>
     <span class='ocr_line' id='line_1_13' title="bbox 306 970 1461 1017; baseline -0.01 -6"><span class='ocrx_word' id='word_1_79' title='bbox 306 979 353 1012; x_wconf 91' lang='lat' dir='ltr'>Sit</span> <span class='ocrx_word' id='word_1_80' title='bbox 388 979 468 1010; x_wconf 87' lang='lat' dir='ltr'>haec</span> <span class='ocrx_word' id='word_1_81' title='bbox 493 977 570 1009; x_wconf 89' lang='lat' dir='ltr'>laeti</span> <span class='ocrx_word' id='word_1_82' title='bbox 597 976 766 1017; x_wconf 85' lang='lat' dir='ltr'>carminis;</span> <span class='ocrx_word' id='word_1_83' title='bbox 996 973 1151 1004; x_wconf 84' lang='lat' dir='ltr'>Fructum</span> <span class='ocrx_word' id='word_1_84' title='bbox 1176 972 1296 1002; x_wconf 88' lang='lat' dir='ltr'>ventris</span> <span class='ocrx_word' id='word_1_85' title='bbox 1316 970 1461 1011; x_wconf 79' lang='lat' dir='ltr'>virginis,</span> 
     </span>
     <span class='ocr_line' id='line_1_14' title="bbox 160 1079 1440 1118; baseline -0.006 -1"><span class='ocrx_word' id='word_1_86' title='bbox 160 1087 220 1118; x_wconf 88' lang='lat' dir='ltr'>2a.</span> <span class='ocrx_word' id='word_1_87' title='bbox 254 1084 426 1116; x_wconf 89' lang='lat' dir='ltr'>Servitutis</span> <span class='ocrx_word' id='word_1_88' title='bbox 453 1083 624 1114; x_wconf 88' lang='lat' dir='ltr'>terminum</span> <span class='ocrx_word' id='word_1_89' title='bbox 855 1079 906 1113; x_wconf 88' lang='lat' dir='ltr'>2b</span> <span class='ocrx_word' id='word_1_90' title='bbox 913 1102 1440 1112; x_wconf 91' lang='grc'><strong>..........</strong></span> 
     </span>
     <span class='ocr_line' id='line_1_15' title="bbox 255 1131 1440 1164; baseline -0.007 0"><span class='ocrx_word' id='word_1_91' title='bbox 255 1132 319 1164; x_wconf 87' lang='lat' dir='ltr'>Dat</span> <span class='ocrx_word' id='word_1_92' title='bbox 344 1131 456 1163; x_wconf 89' lang='lat' dir='ltr'>salutis</span> <span class='ocrx_word' id='word_1_93' title='bbox 484 1131 645 1162; x_wconf 89' lang='lat' dir='ltr'>hominum</span> <span class='ocrx_word' id='word_1_94' title='bbox 951 1149 1440 1159; x_wconf 81' lang='grc'>.........</span> 
     </span>
     <span class='ocr_line' id='line_1_16' title="bbox 303 1178 1384 1213; baseline -0.006 -2"><span class='ocrx_word' id='word_1_95' title='bbox 303 1180 433 1213; x_wconf 82' lang='lat' dir='ltr'>Zelator</span> <span class='ocrx_word' id='word_1_96' title='bbox 460 1178 655 1210; x_wconf 85' lang='lat' dir='ltr'>carissimus.</span> <span class='ocrx_word' id='word_1_97' title='bbox 1014 1198 1384 1208; x_wconf 89' lang='grc'><em>.......</em></span> 
     </span>
     <span class='ocr_line' id='line_1_17' title="bbox 161 1280 1281 1326; baseline -0.009 -6"><span class='ocrx_word' id='word_1_98' title='bbox 161 1289 223 1321; x_wconf 83' lang='lat' dir='ltr'>3a.</span> <span class='ocrx_word' id='word_1_99' title='bbox 255 1287 380 1326; x_wconf 87' lang='lat' dir='ltr'>Quanta</span> <span class='ocrx_word' id='word_1_100' title='bbox 406 1286 447 1317; x_wconf 88' lang='lat' dir='ltr'>sit</span> <span class='ocrx_word' id='word_1_101' title='bbox 474 1285 649 1317; x_wconf 74' lang='lat' dir='ltr'>auctoritas</span> <span class='ocrx_word' id='word_1_102' title='bbox 857 1282 920 1316; x_wconf 89' lang='lat' dir='ltr'>3b.</span> <span class='ocrx_word' id='word_1_103' title='bbox 952 1282 1078 1314; x_wconf 85' lang='lat' dir='ltr'>Mariae</span> <span class='ocrx_word' id='word_1_104' title='bbox 1105 1280 1281 1312; x_wconf 81' lang='lat' dir='ltr'>credulitas</span> 
     </span>
     <span class='ocr_line' id='line_1_18' title="bbox 257 1328 1350 1375; baseline -0.008 -8"><span class='ocrx_word' id='word_1_105' title='bbox 257 1335 348 1375; x_wconf 85' lang='lat' dir='ltr'>Eius,</span> <span class='ocrx_word' id='word_1_106' title='bbox 373 1333 576 1366; x_wconf 82' lang='lat' dir='ltr'>taciturnitas</span> <span class='ocrx_word' id='word_1_107' title='bbox 955 1330 1102 1362; x_wconf 83' lang='lat' dir='ltr'>Prudens</span> <span class='ocrx_word' id='word_1_108' title='bbox 1131 1334 1158 1360; x_wconf 87' lang='lat' dir='ltr'>et</span> <span class='ocrx_word' id='word_1_109' title='bbox 1187 1328 1350 1360; x_wconf 80' lang='lat' dir='ltr'>humilitas</span> 
     </span>
     <span class='ocr_line' id='line_1_19' title="bbox 306 1376 1391 1421; baseline -0.008 -6"><span class='ocrx_word' id='word_1_110' title='bbox 306 1382 480 1415; x_wconf 85' lang='lat' dir='ltr'>Zachariae</span> <span class='ocrx_word' id='word_1_111' title='bbox 506 1381 666 1421; x_wconf 88' lang='lat' dir='ltr'>perhibet.</span> <span class='ocrx_word' id='word_1_112' title='bbox 1001 1378 1103 1410; x_wconf 90' lang='lat' dir='ltr'>Deum</span> <span class='ocrx_word' id='word_1_113' title='bbox 1130 1377 1222 1409; x_wconf 91' lang='lat' dir='ltr'>nobis</span> <span class='ocrx_word' id='word_1_114' title='bbox 1251 1376 1391 1407; x_wconf 74' lang='lat' dir='ltr'>exhibet¹</span> 
     </span>
     <span class='ocr_line' id='line_1_20' title="bbox 162 1483 1414 1530; baseline -0.008 -7"><span class='ocrx_word' id='word_1_115' title='bbox 162 1493 223 1526; x_wconf 82' lang='lat' dir='ltr'>4a,</span> <span class='ocrx_word' id='word_1_116' title='bbox 254 1490 371 1530; x_wconf 90' lang='lat' dir='ltr'>Ioseph</span> <span class='ocrx_word' id='word_1_117' title='bbox 395 1490 514 1521; x_wconf 87' lang='lat' dir='ltr'>iustum</span> <span class='ocrx_word' id='word_1_118' title='bbox 542 1489 661 1528; x_wconf 75' lang='lat' dir='ltr'>docuit,</span> <span class='ocrx_word' id='word_1_119' title='bbox 860 1486 921 1518; x_wconf 83' lang='lat' dir='ltr'>4b.</span> <span class='ocrx_word' id='word_1_120' title='bbox 954 1485 1116 1518; x_wconf 81' lang='lat' dir='ltr'>Christum</span> <span class='ocrx_word' id='word_1_121' title='bbox 1144 1487 1251 1515; x_wconf 83' lang='lat' dir='ltr'>natum</span> <span class='ocrx_word' id='word_1_122' title='bbox 1279 1483 1414 1520; x_wconf 78' lang='lat' dir='ltr'>nuntiat,</span> 
     </span>
     <span class='ocr_line' id='line_1_21' title="bbox 258 1532 1327 1578; baseline -0.009 -7"><span class='ocrx_word' id='word_1_123' title='bbox 258 1539 351 1578; x_wconf 85' lang='lat' dir='ltr'>Quod</span> <span class='ocrx_word' id='word_1_124' title='bbox 376 1542 406 1570; x_wconf 89' lang='lat' dir='ltr'>et</span> <span class='ocrx_word' id='word_1_125' title='bbox 433 1538 551 1569; x_wconf 88' lang='lat' dir='ltr'>iustum</span> <span class='ocrx_word' id='word_1_126' title='bbox 579 1536 682 1568; x_wconf 88' lang='lat' dir='ltr'>tenuit</span> <span class='ocrx_word' id='word_1_127' title='bbox 954 1534 1062 1573; x_wconf 88' lang='lat' dir='ltr'>Ipsum</span> <span class='ocrx_word' id='word_1_128' title='bbox 1090 1541 1163 1565; x_wconf 83' lang='lat' dir='ltr'>mox</span> <span class='ocrx_word' id='word_1_129' title='bbox 1190 1532 1327 1563; x_wconf 83' lang='lat' dir='ltr'>associat</span> 
     </span>
     <span class='ocr_line' id='line_1_22' title="bbox 304 1580 1359 1625; baseline -0.009 -6"><span class='ocrx_word' id='word_1_130' title='bbox 304 1587 383 1619; x_wconf 85' lang='lat' dir='ltr'>Eius</span> <span class='ocrx_word' id='word_1_131' title='bbox 410 1589 554 1618; x_wconf 88' lang='lat' dir='ltr'>ventrem</span> <span class='ocrx_word' id='word_1_132' title='bbox 581 1584 725 1625; x_wconf 84' lang='lat' dir='ltr'>spiritus.</span> <span class='ocrx_word' id='word_1_133' title='bbox 1003 1580 1162 1613; x_wconf 82' lang='lat' dir='ltr'>Caelestis</span> <span class='ocrx_word' id='word_1_134' title='bbox 1189 1580 1359 1611; x_wconf 85' lang='lat' dir='ltr'>exercitus.</span> 
     </span>
     <span class='ocr_line' id='line_1_23' title="bbox 162 1685 1390 1731; baseline -0.01 -4"><span class='ocrx_word' id='word_1_135' title='bbox 162 1696 222 1727; x_wconf 70' lang='lat'>52.</span> <span class='ocrx_word' id='word_1_136' title='bbox 253 1693 316 1726; x_wconf 90' lang='lat' dir='ltr'>Per</span> <span class='ocrx_word' id='word_1_137' title='bbox 342 1692 425 1724; x_wconf 89' lang='lat' dir='ltr'>hunc</span> <span class='ocrx_word' id='word_1_138' title='bbox 451 1699 530 1731; x_wconf 88' lang='lat' dir='ltr'>auge</span> <span class='ocrx_word' id='word_1_139' title='bbox 556 1690 682 1728; x_wconf 84' lang='lat' dir='ltr'>merita,</span> <span class='ocrx_word' id='word_1_140' title='bbox 858 1687 919 1721; x_wconf 87' lang='lat' dir='ltr'>5b.</span> <span class='ocrx_word' id='word_1_141' title='bbox 953 1687 994 1719; x_wconf 91' lang='lat' dir='ltr'>Et</span> <span class='ocrx_word' id='word_1_142' title='bbox 1023 1691 1094 1726; x_wconf 84' lang='lat' dir='ltr'>post</span> <span class='ocrx_word' id='word_1_143' title='bbox 1122 1686 1204 1718; x_wconf 88' lang='lat' dir='ltr'>hauc</span> <span class='ocrx_word' id='word_1_144' title='bbox 1230 1685 1390 1716; x_wconf 84' lang='lat' dir='ltr'>miseriam</span> 
     </span>
     <span class='ocr_line' id='line_1_24' title="bbox 260 1734 1431 1780; baseline -0.008 -7"><span class='ocrx_word' id='word_1_145' title='bbox 260 1741 344 1780; x_wconf 86' lang='lat' dir='ltr'>Iesu,</span> <span class='ocrx_word' id='word_1_146' title='bbox 372 1743 481 1772; x_wconf 84' lang='lat' dir='ltr'>nostra</span> <span class='ocrx_word' id='word_1_147' title='bbox 509 1738 619 1770; x_wconf 90' lang='lat' dir='ltr'>debita</span> <span class='ocrx_word' id='word_1_148' title='bbox 955 1736 1003 1767; x_wconf 84' lang='lat' dir='ltr'>Da</span> <span class='ocrx_word' id='word_1_149' title='bbox 1031 1744 1100 1766; x_wconf 87' lang='lat' dir='ltr'>cum</span> <span class='ocrx_word' id='word_1_150' title='bbox 1129 1734 1258 1767; x_wconf 82' lang='lat' dir='ltr'>Christo</span> <span class='ocrx_word' id='word_1_151' title='bbox 1285 1734 1431 1774; x_wconf 78' lang='lat' dir='ltr'>gloriam,</span> 
     </span>
     <span class='ocr_line' id='line_1_25' title="bbox 306 1782 1402 1828; baseline -0.007 -7"><span class='ocrx_word' id='word_1_152' title='bbox 306 1789 440 1821; x_wconf 84' lang='lat' dir='ltr'>Dimitte</span> <span class='ocrx_word' id='word_1_153' title='bbox 468 1788 622 1828; x_wconf 83' lang='lat' dir='ltr'>piissime,</span> <span class='ocrx_word' id='word_1_154' title='bbox 1002 1784 1122 1824; x_wconf 83' lang='lat' dir='ltr'>Regum</span> <span class='ocrx_word' id='word_1_155' title='bbox 1152 1791 1208 1814; x_wconf 88' lang='lat' dir='ltr'>rex</span> <span class='ocrx_word' id='word_1_156' title='bbox 1235 1782 1402 1814; x_wconf 75' lang='lat' dir='ltr'>altissime.</span> 
     </span>
     <span class='ocr_line' id='line_1_26' title="bbox 213 1887 1471 1928; baseline -0.008 -5"><span class='ocrx_word' id='word_1_157' title='bbox 213 1896 281 1924; x_wconf 75' lang='lat' dir='ltr'>Mis.</span> <span class='ocrx_word' id='word_1_158' title='bbox 303 1894 564 1922; x_wconf 78' lang='lat' dir='ltr'>Autissiodorense</span> <span class='ocrx_word' id='word_1_159' title='bbox 585 1893 655 1928; x_wconf 88' lang='lat' dir='ltr'>imp.</span> <span class='ocrx_word' id='word_1_160' title='bbox 676 1892 812 1920; x_wconf 76' lang='lat' dir='ltr'>Parisiis.</span> <span class='ocrx_word' id='word_1_161' title='bbox 834 1900 857 1918; x_wconf 86' lang='lat' dir='ltr'>s.</span> <span class='ocrx_word' id='word_1_162' title='bbox 879 1899 905 1917; x_wconf 86' lang='lat' dir='ltr'>a.</span> <span class='ocrx_word' id='word_1_163' title='bbox 928 1887 1039 1925; x_wconf 69' lang='grc' dir='ltr'>[1484]ι</span> <span class='ocrx_word' id='word_1_164' title='bbox 1055 1904 1092 1908; x_wconf 95' lang='lat'>—</span> <span class='ocrx_word' id='word_1_165' title='bbox 1108 1888 1125 1916; x_wconf 80' lang='lat'>5</span> <span class='ocrx_word' id='word_1_166' title='bbox 1139 1898 1166 1922; x_wconf 82' lang='lat' dir='ltr'>a,</span> <span class='ocrx_word' id='word_1_167' title='bbox 1191 1888 1203 1916; x_wconf 91' lang='lat'>1</span> <span class='ocrx_word' id='word_1_168' title='bbox 1231 1889 1287 1915; x_wconf 77' lang='lat' dir='ltr'>Pet·</span> <span class='ocrx_word' id='word_1_169' title='bbox 1310 1889 1416 1924; x_wconf 67' lang='lat' dir='ltr'>ipsum‚</span> <span class='ocrx_word' id='word_1_170' title='bbox 1433 1902 1471 1907; x_wconf 96' lang='lat'>—</span> 
     </span>
     <span class='ocr_line' id='line_1_27' title="bbox 137 1930 1064 1968; baseline -0.009 -5"><span class='ocrx_word' id='word_1_171' title='bbox 137 1934 192 1968; x_wconf 86' lang='lat' dir='ltr'>5a,</span> <span class='ocrx_word' id='word_1_172' title='bbox 213 1933 232 1962; x_wconf 88' lang='grc'><strong>2</strong></span> <span class='ocrx_word' id='word_1_173' title='bbox 253 1938 363 1962; x_wconf 84' lang='lat' dir='ltr'>nostra.</span> <span class='ocrx_word' id='word_1_174' title='bbox 387 1948 420 1952; x_wconf 87' lang='lat'>·-</span> <span class='ocrx_word' id='word_1_175' title='bbox 443 1932 586 1961; x_wconf 87' lang='lat' dir='ltr'>Melodie:</span> <span class='ocrx_word' id='word_1_176' title='bbox 610 1932 702 1959; x_wconf 78' lang='lat' dir='ltr'>Veni</span> <span class='ocrx_word' id='word_1_177' title='bbox 731 1933 861 1958; x_wconf 85' lang='lat' dir='ltr'>sancte</span> <span class='ocrx_word' id='word_1_178' title='bbox 891 1930 1064 1965; x_wconf 87' lang='lat' dir='ltr'>spiritus.</span> 
     </span>
    </p>
   </div>
   <div class='ocr_carea' id='block_1_7' title="bbox 579 2071 1027 2107">
    <p class='ocr_par' dir='ltr' id='par_1_7' title="bbox 579 2071 1027 2107">
     <span class='ocr_line' id='line_1_28' title="bbox 579 2071 1027 2107; baseline -0.009 -1"><span class='ocrx_word' id='word_1_179' title='bbox 579 2075 644 2107; x_wconf 72' lang='lat'>144.</span> <span class='ocrx_word' id='word_1_180' title='bbox 687 2075 729 2106; x_wconf 87' lang='lat' dir='ltr'>De</span> <span class='ocrx_word' id='word_1_181' title='bbox 750 2074 859 2104; x_wconf 83' lang='lat' dir='ltr'>saneto</span> <span class='ocrx_word' id='word_1_182' title='bbox 882 2071 1027 2104; x_wconf 82' lang='lat' dir='ltr'>Gatiano.</span> 
     </span>
    </p>
   </div>
   <div class='ocr_carea' id='block_1_8' title="bbox 164 2163 1443 2456">
    <p class='ocr_par' dir='ltr' id='par_1_8' title="bbox 164 2163 1443 2456">
     <span class='ocr_line' id='line_1_29' title="bbox 164 2163 1353 2210; baseline -0.01 -6"><span class='ocrx_word' id='word_1_183' title='bbox 164 2171 225 2204; x_wconf 86' lang='lat' dir='ltr'>la.</span> <span class='ocrx_word' id='word_1_184' title='bbox 256 2169 478 2210; x_wconf 87' lang='lat' dir='ltr'>Laetabunda‚</span> <span class='ocrx_word' id='word_1_185' title='bbox 506 2168 593 2208; x_wconf 85' lang='lat' dir='ltr'>Sion,</span> <span class='ocrx_word' id='word_1_186' title='bbox 621 2165 725 2206; x_wconf 85' lang='lat' dir='ltr'>gaude</span> <span class='ocrx_word' id='word_1_187' title='bbox 861 2163 922 2198; x_wconf 88' lang='lat' dir='ltr'>lb.</span> <span class='ocrx_word' id='word_1_188' title='bbox 955 2163 1093 2195; x_wconf 85' lang='lat' dir='ltr'>Turonis</span> <span class='ocrx_word' id='word_1_189' title='bbox 1120 2163 1189 2194; x_wconf 86' lang='lat' dir='ltr'>Deo</span> <span class='ocrx_word' id='word_1_190' title='bbox 1217 2163 1353 2193; x_wconf 84' lang='lat' dir='ltr'>ducente</span> 
     </span>
     <span class='ocr_line' id='line_1_30' title="bbox 259 2211 1443 2258; baseline -0.009 -7"><span class='ocrx_word' id='word_1_191' title='bbox 259 2217 388 2251; x_wconf 79' lang='lat' dir='ltr'>Gatiani</span> <span class='ocrx_word' id='word_1_192' title='bbox 418 2217 515 2258; x_wconf 83' lang='lat' dir='ltr'>digna</span> <span class='ocrx_word' id='word_1_193' title='bbox 540 2215 637 2248; x_wconf 84' lang='lat' dir='ltr'>laude</span> <span class='ocrx_word' id='word_1_194' title='bbox 955 2212 1062 2248; x_wconf 80' lang='lat' dir='ltr'>Venit,</span> <span class='ocrx_word' id='word_1_195' title='bbox 1091 2211 1212 2243; x_wconf 78' lang='lat' dir='ltr'>Christi</span> <span class='ocrx_word' id='word_1_196' title='bbox 1241 2215 1308 2241; x_wconf 84' lang='lat' dir='ltr'>tota</span> <span class='ocrx_word' id='word_1_197' title='bbox 1334 2213 1443 2241; x_wconf 89' lang='lat' dir='ltr'>mente</span> 
     </span>
     <span class='ocr_line' id='line_1_31' title="bbox 307 2259 1312 2306; baseline -0.008 -7"><span class='ocrx_word' id='word_1_198' title='bbox 307 2266 466 2300; x_wconf 77' lang='lat' dir='ltr'>Recolens</span> <span class='ocrx_word' id='word_1_199' title='bbox 492 2262 676 2306; x_wconf 76' lang='lat' dir='ltr'>praeconia.</span> <span class='ocrx_word' id='word_1_200' title='bbox 1005 2260 1140 2292; x_wconf 87' lang='lat' dir='ltr'>Secutus</span> <span class='ocrx_word' id='word_1_201' title='bbox 1167 2259 1312 2298; x_wconf 84' lang='lat' dir='ltr'>vestigia.</span> 
     </span>
     <span class='ocr_line' id='line_1_32' title="bbox 166 2365 1355 2414; baseline -0.011 -6"><span class='ocrx_word' id='word_1_202' title='bbox 166 2375 227 2408; x_wconf 62' lang='lat'>23.</span> <span class='ocrx_word' id='word_1_203' title='bbox 256 2372 490 2414; x_wconf 82' lang='lat' dir='ltr'>Archipraesul</span> <span class='ocrx_word' id='word_1_204' title='bbox 517 2368 714 2404; x_wconf 87' lang='lat' dir='ltr'>Turonensis</span> <span class='ocrx_word' id='word_1_205' title='bbox 859 2367 922 2401; x_wconf 86' lang='lat' dir='ltr'>2b.</span> <span class='ocrx_word' id='word_1_206' title='bbox 954 2366 1051 2406; x_wconf 85' lang='lat' dir='ltr'>Quasi</span> <span class='ocrx_word' id='word_1_207' title='bbox 1078 2365 1174 2397; x_wconf 89' lang='lat' dir='ltr'>stella</span> <span class='ocrx_word' id='word_1_208' title='bbox 1200 2365 1355 2396; x_wconf 87' lang='lat' dir='ltr'>matutina</span> 
     </span>
     <span class='ocr_line' id='line_1_33' title="bbox 256 2412 1408 2456; baseline -0.011 0"><span class='ocrx_word' id='word_1_209' title='bbox 256 2423 415 2456; x_wconf 83' lang='lat' dir='ltr'>Errantes</span> <span class='ocrx_word' id='word_1_210' title='bbox 439 2421 474 2453; x_wconf 90' lang='lat' dir='ltr'>in</span> <span class='ocrx_word' id='word_1_211' title='bbox 499 2420 552 2453; x_wconf 83' lang='lat' dir='ltr'>via</span> <span class='ocrx_word' id='word_1_212' title='bbox 577 2417 690 2451; x_wconf 83' lang='lat' dir='ltr'>mortis</span> <span class='ocrx_word' id='word_1_213' title='bbox 958 2415 1052 2447; x_wconf 86' lang='lat' dir='ltr'>Nube</span> <span class='ocrx_word' id='word_1_214' title='bbox 1079 2423 1192 2446; x_wconf 88' lang='lat' dir='ltr'>carens</span> <span class='ocrx_word' id='word_1_215' title='bbox 1219 2412 1408 2453; x_wconf 83' lang='lat' dir='ltr'>vespertina</span> 
     </span>
    </p>
   </div>
   <div class='ocr_carea' id='block_1_9' title="bbox 306 2461 1354 2510">
    <p class='ocr_par' dir='ltr' id='par_1_9' title="bbox 306 2461 1354 2510">
     <span class='ocr_line' id='line_1_34' title="bbox 306 2461 1354 2510; baseline -0.01 -6"><span class='ocrx_word' id='word_1_216' title='bbox 306 2471 411 2504; x_wconf 85' lang='lat' dir='ltr'>Docet</span> <span class='ocrx_word' id='word_1_217' title='bbox 436 2469 522 2502; x_wconf 84' lang='lat' dir='ltr'>vitae</span> <span class='ocrx_word' id='word_1_218' title='bbox 549 2466 705 2510; x_wconf 87' lang='lat' dir='ltr'>praemia.</span> <span class='ocrx_word' id='word_1_219' title='bbox 1005 2463 1123 2504; x_wconf 84' lang='lat' dir='ltr'>Fulget</span> <span class='ocrx_word' id='word_1_220' title='bbox 1147 2462 1180 2494; x_wconf 92' lang='lat' dir='ltr'>in</span> <span class='ocrx_word' id='word_1_221' title='bbox 1207 2461 1354 2494; x_wconf 82' lang='lat' dir='ltr'>ecclesia.</span> 
     </span>
    </p>
   </div>
  </div>
 </body>
</html>
