1655 2713
734 144 994 179 —136—

235 239 296 270 3a.
327 239 435 272 Turba
462 241 574 283 credit,
602 240 681 272 fides
707 241 833 281 crescit,

329 287 431 319 Error
456 288 542 320 cedit
567 293 597 319 et
625 289 771 319 clarescit

377 335 498 367 Lumen
524 336 624 367 sancti
651 336 791 376 spiritus,

233 432 292 463 4a.
325 430 367 462 Ut
395 430 506 461 mulier
531 430 711 468 gratulatur

324 477 464 517 Dragma
491 478 574 518 data,
603 477 649 508 sic
675 479 813 510 laetatur

371 525 494 556 Vovens
521 533 589 556 cum
612 524 728 558 fiducia

226 622 285 651 5a.
316 619 368 651 Ab
395 619 539 651 omnibus
565 620 617 651 hic
642 621 766 653 laudari

320 667 422 698 Debet
448 673 542 707 atque
568 669 715 700 venerari

365 714 492 746 Summa
518 717 707 749 reverentia.

919 241 980 274 3b.
1013 241 1108 273 Miles
1137 246 1274 284 certans,
1301 242 1477 275 iubilaeum

1013 290 1142 321 Annum
1155 289 1305 330 implens,
1315 291 1362 322 sic
1371 291 1414 323 ad
1423 290 1527 323 Deum

1063 337 1180 369 Evolat
1206 339 1368 373 emeritus.

917 432 980 464 4b.
1011 432 1059 464 Re
1084 433 1211 472 amissa,
1237 443 1297 466 nec
1322 433 1501 478 fraudatur,

1012 479 1078 512 Sed
1103 491 1162 522 pro
1189 486 1278 515 certo
1303 487 1506 516 restauratur

1059 528 1190 561 Gatiani
1214 530 1329 570 gratia.

915 623 977 656 5b.
1009 623 1121 661 Nobis,
1148 629 1259 664 pastor
1285 625 1433 667 Gafiane,

1009 673 1085 704 Post
1104 682 1270 712 vesperam
1289 674 1407 706 laetum
1429 685 1521 709 mane

1057 720 1214 760 Impetres
1240 722 1272 753 in
1298 723 1410 762 gloria.

274 809 358 834 Miss.
384 818 436 835 ms.
459 810 629 837 Turonense
658 819 733 838 saec.
763 810 806 838 15.
838 812 908 840 Cod.
930 814 1075 841 Turonen.
1106 814 1158 843 188
1183 815 1248 849 (83).
1280 830 1317 835 —-
1349 818 1466 846 Daraus
1487 820 1519 846 in

203 846 375 879 „Memoires
409 847 443 874 de
477 848 505 875 la
534 848 648 876 Societe
676 848 911 887 Archeologique
941 852 976 879 de
1008 853 1183 882 Touraine.“
1212 855 1299 886 XXI.
1335 865 1361 890 p.
1387 855 1451 884 610.
1481 873 1518 876 —

194 882 250 917 4b,
274 883 286 910 1
309 885 379 911 Rem
401 887 547 913 amissam.

633 999 692 1029 145.
735 999 776 1030 De
797 1003 906 1032 sancto
929 1002 1078 1043 Georgio.

596 1098 624 1129 1.
652 1097 727 1129 Fuit
752 1100 911 1138 quondam
938 1102 1093 1135 Melitena

652 1145 737 1177 Urbs
765 1148 895 1190 erroris,
922 1150 998 1181 mali
1026 1160 1105 1182 vena

698 1193 808 1234 Regno
835 1195 1071 1237 Cappadociae,

217 1285 236 1316 2
248 1293 277 1316 a.
312 1285 410 1324 Quam
426 1285 565 1325 tenebat,
584 1296 676 1326 quam
691 1289 819 1328 regebat

315 1332 473 1364 Dacianus
497 1334 626 1365 mittens
652 1345 762 1367 manus

360 1381 397 1412 In
423 1390 531 1412 servos
558 1383 721 1415 ecclesiae.

214 1475 273 1506 3a.
307 1474 401 1505 Venit
426 1476 502 1507 illuc
528 1477 617 1508 miles
646 1488 723 1510 unus

307 1522 417 1564 Dives,
445 1528 559 1566 potens
585 1530 615 1555 et
642 1526 787 1559 tribunus

352 1571 492 1602 Militum
518 1574 673 1612 egregius,

210 1760 272 1790 4a.
304 1759 344 1790 Se
370 1760 532 1800 professus
559 1763 764 1797 christianum

310 1806 362 1838 Sic
387 1807 516 1840 adfatur
542 1810 716 1843 Dacianum

354 1855 527 1887 Nocentem
551 1858 760 1892 christicolis:

215 1950 275 1980 5a.
305 1949 374 1990 Ego
400 1951 527 1990 quidem
554 1953 764 1996 christianus;

305 1998 358 2028 Ad
385 2007 475 2037 quem
501 2000 585 2031 idem
612 2001 789 2037 Dacianus:

354 2045 480 2086 Georgi,
507 2048 583 2086 quid
608 2051 754 2088 pateris?

209 2140 228 2171 6
239 2148 267 2171 a.
298 2140 350 2171 Ad
366 2141 443 2172 haec
453 2147 598 2175 sauctus:
614 2143 667 2176 Sic
677 2154 809 2186 regnare

303 2187 385 2220 Nolo
413 2198 471 2220 nec
495 2190 680 2234 idolatrare‚

350 2236 431 2268 Nam
458 2238 536 2269 nihil
563 2244 610 2270 est
636 2240 773 2279 idolum,

208 2330 265 2362 7a.
296 2331 355 2362 His
381 2333 500 2366 auditis
527 2344 581 2366 rex
608 2335 753 2379 tabescit,

301 2379 406 2418 Surgit
431 2382 489 2423 ira,
518 2381 608 2415 furor
633 2385 758 2427 crescit,

349 2428 456 2468 Spirat
482 2430 523 2462 ad
548 2432 757 2473 supplicium3

903 1291 964 1323 2b.
997 1294 1181 1334 Imperante
1206 1305 1280 1336 rege
1308 1297 1394 1331 dicto

999 1340 1150 1374 Generali
1177 1344 1235 1374 sub
1262 1345 1368 1377 edicto

1047 1389 1155 1421 Cultus
1182 1391 1352 1425 idolatriae

901 1482 964 1515 3b.
996 1484 1112 1523 Iustus,
1140 1488 1277 1519 mundus

1091 1539 1121 1564 et
1148 1535 1263 1567 timens
1289 1536 1461 1570 Dominum

995 1579 1093 1621 Caeli,
1117 1581 1289 1625 Christum,

1088 1630 1222 1662 salutem
1249 1632 1425 1672 homiuum,

1039 1677 1175 1709 Nomine
1202 1678 1371 1721 Georgius.

898 1770 959 1803 4b.
990 1772 1183 1815 Imperator,
1213 1776 1256 1808 ad
1282 1777 1359 1816 quid
1387 1779 1505 1820 tendis,

992 1819 1119 1852 Cultum
1146 1822 1206 1854 Dei
1233 1833 1291 1856 cur
1315 1825 1476 1866 impendis

1040 1867 1163 1911 Sardis,
1191 1872 1288 1903 mutis
1313 1873 1434 1906 idolis?

897 1960 958 1993 5b.
992 1962 1083 1994 Tolle
1110 1965 1156 1996 tui
1181 1965 1301 1999 Christi
1325 1969 1437 2012 legem,

991 2009 1036 2041 Te
1070 2014 1243 2046 secundum
1275 2017 1358 2049 scias
1384 2028 1502 2062 regem,

1037 2059 1199 2100 Quidquid
1225 2068 1300 2096 ante
1326 2064 1453 2100 feceris.

894 2152 913 2183 6
926 2150 955 2182 b.
987 2153 1077 2192 Quod
1084 2155 1392 2199 Christus‚salvator
1398 2173 1496 2208 meus,

988 2200 1089 2233 Verus
1116 2203 1218 2246 homo,
1246 2216 1341 2241 verus
1369 2211 1466 2254 Deus,

1035 2249 1136 2282 Docet
1162 2262 1221 2292 per
1246 2259 1436 2296 apostolum.

893 2341 953 2374 7b.
985 2344 1099 2377 Rotam
1126 2349 1222 2388 parit,
1249 2357 1284 2384 ut
1309 2359 1460 2398 rotatum,

987 2392 1024 2423 In
1051 2393 1179 2428 diversa
1205 2397 1381 2434 laceratum

1034 2440 1167 2475 Dividat
1193 2445 1376 2489 Georgium.
