1655 2713
695 191 742 196 —
793 173 860 210 147
910 194 958 199 —

185 259 245 295 7a.
276 257 417 302 Populis
443 274 462 297 a
487 269 610 300 cunctis
883 271 946 306 7b.
978 270 1131 306 Ordinem
1158 273 1301 313 ineptum

281 308 403 343 Christi
428 315 546 346 merito
573 323 757 360 veneratur,
978 319 1144 352 Reformat
1171 319 1350 352 officiorum

279 357 363 390 Nam
389 359 435 391 ibi
460 363 648 404 tumulatur,
978 368 1019 400 Et
1046 369 1170 409 regulat
1195 369 1337 409 chorum,

329 406 479 440 Salvator
504 410 559 442 ubi
1025 417 1204 457 Redarguit
1230 426 1286 449 cor

374 461 559 495 generatur.
1073 465 1293 505 reproborum.

182 545 242 579 Sa.
277 542 379 579 Laete
405 555 481 588 ergo
508 550 638 582 scandis
879 554 941 587 81).
974 554 1119 588 Obscura
1146 557 1198 596 qui
1226 557 1341 597 pandis

328 594 477 627 Polorum
504 597 675 638 algamata,
1025 602 1242 646 [Scripturae]
1269 606 1433 647 idiomata,

183 686 245 718 9a.
276 682 435 719 Nimirum
462 688 537 719 dum
561 691 757 722 transtulisti
880 693 942 726 §⁴b.
973 691 1041 726 lam
1077 695 1133 727 sed
1171 697 1334 736 particeps
1360 702 1486 730 tuorum

325 736 438 774 gravia
1024 746 1112 773 tenes
1139 743 1251 775 bravia

277 783 314 814 In
341 783 510 824 Hypogaei
537 795 686 819 caverna.
976 789 1108 829 Requiei
1136 798 1278 825 aeterna.

519 878 574 912 10.
600 875 661 910 Eia
685 887 771 920 ergo,
800 885 854 910 tuo
881 880 1066 912 interventu

599 926 833 959 Damnatorum
859 937 878 959 a
904 935 1061 960 conventu

600 974 700 1006 Parili
729 976 790 1006 hoc
815 980 981 1014 concentu,

600 1023 731 1054 Interne
756 1033 814 1055 nos
838 1028 871 1054 ut
899 1033 1019 1063 serves,

653 1072 839 1111 rogitamus,

233 1160 314 1186 Miss.
345 1169 397 1186 ins.
426 1160 633 1196 Alrispaeeuse
662 1170 739 1189 saec.
770 1161 815 1189 15.
843 1163 918 1191 Cliii.
947 1164 1100 1191 Monac-eii.
1127 1163 1211 1191 2³73.
1243 1180 1279 1183 —
1309 1165 1367 1196 lb,
1397 1168 1413 1191 1¹·
1446 1179 1487 1202 sq.

157 1199 281 1225 miratur
295 1199 510 1226 Hebraeorum.
528 1215 564 1219 —
579 1198 636 1233 31),
661 1200 673 1227 l
699 1210 742 1236 sq.
768 1203 814 1228 vii·
836 1202 940 1229 beatus
961 1203 1100 1230 Venereis
1122 1203 1295 1239 deturpatus
1312 1206 1436 1232 actibus.
1453 1221 1486 1224 —

155 1237 212 1264 Mit
241 1237 305 1264 dem
328 1237 623 1272 Sequeuzeuschema
652 1243 744 1266 ersten·
767 1240 887 1275 Epoclie
917 1243 955 1267 ist
989 1241 1041 1268 dei·
1062 1242 1144 1268 Reim
1174 1244 1330 1278 verquickt
1358 1246 1386 1270 in
1409 1246 1490 1271 eins-r

156 1275 267 1308 WVeisffi
289 1275 354 1303 dass
375 1275 428 1302 das
443 1276 605 1304 Ebenmass
627 1277 677 1305 der
694 1279 785 1306 verse
807 1280 896 1306 &fters
917 1280 999 1306 nicht
1013 1281 1145 1315 gewalirt
1160 1281 1269 1308 wurde.
1307 1284 1487 1310 Interes-<aut

154 1315 213 1346 ist⁷
241 1314 306 1341 dass
328 1315 381 1341 das
405 1316 554 1342 reimende
576 1316 771 1344 Schlusswmt
788 1317 872 1352 jeder
894 1319 1094 1354 Halbstrophe
1114 1319 1145 1353 je
1167 1320 1264 1355 gleich
1287 1322 1363 1348 viele
1386 1322 1487 1349 Silben

156 1352 216 1380 hat.
251 1353 322 1380 Man
344 1353 511 1389 vergleiclie
534 1359 624 1382 unteii
647 1355 694 1382 die
717 1357 1040 1392 Sigismund-Seqtieuz
1061 1357 1218 1391 „Inclite
1248 1368 1311 1386 rex
1341 1360 1485 1394 magnust*

156 1400 223 1418 vom
264 1392 401 1428 gleiclieu
436 1392 604 1425 Versusser,
646 1394 697 1421 der
739 1395 778 1421 ini
814 1395 1013 1422 Akrostichou
1055 1397 1117 1423 sich
1154 1397 1346 1424 iohannes
1390 1400 1491 1425 wolf

154 1430 342 1457 Poloniae
364 1434 464 1457 neunt.

578 1540 635 1570 157.
678 1541 719 1571 lle
742 1542 850 1572 sancto
872 1540 1071 1580 Hieronymo.

182 1633 240 1665 la.
273 1632 394 1666 Summi
421 1635 579 1675 principis
606 1636 718 1676 sophia
878 1638 894 1669 1
910 1636 940 1669 b.
974 1637 1087 1669 Suavis
1113 1636 1288 1676 influentia,

276 1682 439 1714 Concordi
466 1683 525 1715 sub
552 1683 718 1716 harmonia
972 1687 1116 1718 Aeterna
1142 1687 1348 1726 providentia

327 1731 446 1763 Orbem
472 1732 556 1772 regit
581 1733 789 1774 immensum;
1021 1735 1180 1775 Capacem
1217 1735 1320 1775 replet
1348 1744 1486 1767 sensum.

181 1823 242 1855 22.
274 1822 391 1854 Manus
417 1832 476 1855 sua
502 1823 587 1856 dona
612 1824 705 1864 pluit.
879 1825 942 1861 2b.
975 1827 1069 1859 Omni
1096 1827 1175 1858 hora
1202 1827 1251 1858 vel
1279 1832 1394 1867 aetate,

277 1870 413 1912 Semper
438 1875 519 1911 erat,
547 1876 596 1904 est
623 1878 654 1904 et
682 1872 742 1905 fuit
973 1875 1058 1914 Quos
1082 1876 1193 1907 mundi
1220 1876 1403 1908 calamitate

322 1919 359 1951 In
393 1929 428 1952 se
462 1920 649 1953 credentum
685 1926 791 1954 custos
1023 1924 1162 1955 Pressim
1192 1925 1271 1956 vidit
1299 1930 1441 1957 onustos

179 2012 241 2044 3³.
271 2011 343 2044 Hoc
369 2012 558 2054 leronymus
584 2014 732 2055 illustris,
877 2015 941 2049 3b.
974 2016 1093 2048 Livens
1120 2017 1261 2056 scapulis
1288 2017 1436 2057 plagatus

275 2059 399 2093 Doctor
432 2070 526 2094 verus
562 2067 595 2094 et
621 2063 789 2103 industri5‚
974 2065 1138 2098 Ciceronis
1165 2065 1205 2097 ob
1232 2070 1389 2097 tractatus

324 2109 460 2150 Vigente
486 2111 585 2142 sentit
611 2110 711 2151 flore3
1021 2113 1138 2153 Spreto
1164 2119 1275 2146 sancto
1300 2115 1428 2148 sudore.

178 2202 241 2233 4a.
270 2201 372 2234 Istum
399 2203 538 2234 catulum
566 2203 668 2236 leonis
881 2205 944 2238 4b.
976 2205 1089 2237 Clarus
1116 2205 1184 2236 eius
1210 2210 1244 2236 ut
1271 2206 1393 2246 rugitus

273 2249 434 2283 Eusebius
460 2251 662 2284 Histridonis
977 2253 1092 2285 Mundi
1119 2254 1257 2285 concitet
1283 2254 1412 2285 auditus

322 2298 372 2330 De
398 2299 521 2341 oppido
546 2301 713 2341 produxit,
970 2329 981 2337 ,
1023 2302 1172 2343 Eloquio,
1201 2311 1262 2341 quo
1289 2302 1380 2334 luxit.

178 2390 241 2423 5a.
273 2389 442 2424 Iuventam
469 2392 565 2425 docet
591 2392 725 2424 senilem
878 2393 940 2429 5b.
973 2393 1092 2426 Sensus
1118 2393 1186 2425 eius
1213 2393 1280 2426 alta
1306 2394 1412 2435 pinus,

273 2438 319 2471 Et
344 2443 506 2472 senectam
535 2441 708 2473 iuvenilem
973 2442 1033 2476 Cui
1061 2442 1151 2474 cudit
1179 2442 1362 2474 Victorinus

323 2487 576 2522 Grammaticam
602 2489 768 2532 Donatns;
1022 2491 1215 2523 Rhetoricos
1241 2496 1384 2523 ornatus.

1257 2546 1316 2576 10·
