1655 2713
716 162 973 198 -236—

211 275 270 307 9³.
302 271 466 304 Advectus
492 265 630 299 mirabili
871 258 932 292 9b.
964 256 1071 295 Cuius,
1097 254 1190 286 nobis
1215 253 1360 295 Domine,

330 326 445 359 genere
471 319 619 346 vecturae
1013 303 1135 335 meritis
1161 302 1280 334 adiutis

283 369 318 399 In
344 366 438 398 Duno
465 362 622 396 Patricius
964 350 1112 391 Perpetis
1137 350 1303 390 indulgeas

331 415 424 446 datur
449 410 640 451 sepulturae.
1014 399 1147 440 gloriam
1174 398 1297 431 salutis.

264 508 383 536 Missale
406 515 458 533 lus.
480 504 693 532 Kilormicense
715 508 790 527 saec.
813 497 856 525 15.
878 496 949 524 Cod.
965 495 1091 530 Collegii
1113 502 1150 520 ss.
1167 493 1324 519 Trinitatis
1338 491 1499 519 Dublinen.

189 550 212 576 B
233 546 260 573 Ρ».
284 546 306 573 1.
328 560 364 564 -
385 544 446 576 3a,
475 542 492 569 3
512 542 616 570 Gallis.
639 555 671 559 —
694 538 753 571 4a,
775 536 793 564 2
814 540 846 564 ut
867 535 975 562 fuistis.
999 549 1033 553 —
1054 532 1113 564 41),
1138 530 1152 558 1
1174 531 1243 558 dum
1264 530 1441 557 incenderet.
1464 543 1498 547 -

189 586 205 613 5
214 587 241 618 b,
266 584 277 611 1
301 585 399 611 Altare
421 581 495 608 male
517 582 588 607 sine.
612 595 645 598 —-
667 576 729 610 51),
751 575 769 603 2
790 576 878 602 fusso.
900 588 935 592 —
957 570 1008 603 6³,
1029 569 1047 598 3
1068 570 1221 605 conspicit.
1242 584 1280 588 —
1299 567 1351 602 Ga,
1372 567 1392 595 4
1411 567 1500 594 videt.

188 640 224 643 -—
246 623 298 655 7a,
322 622 333 648 1
357 621 492 648 consciis.
508 634 545 637 —
566 618 621 644 Str.
644 616 686 643 71)
709 618 747 642 ist
762 615 861 641 derart
875 611 1044 642 verdorben,
1066 609 1134 636 dass
1150 609 1192 635 sie
1207 607 1289 634 nicht
1302 605 1500 634 herzustellen

190 664 241 694 ist,
264 661 393 688 obst-hon
414 659 459 685 die
481 656 643 687 Tatsache,
666 651 721 681 auf
739 651 848 680 welche
870 652 912 677 sie
933 647 1067 683 auspielt,
1090 647 1221 675 bekannt
1241 647 1294 672 ist:
1324 646 1384 672 Der
1404 641 1500 680 Engel

190 702 305 726 Viotors
332 698 433 725 mahnt
461 704 513 722 aus
541 693 736 722 brennendem
758 688 933 719 Dornbusch
960 687 1016 714 den
1037 686 1200 716 Patriciae,
1227 683 1302 710 nach
1324 683 1443 710 Dunum
1465 690 1502 708 zu

190 739 290 772 gehen.
313 753 347 757 —-
369 735 424 765 93,
449 734 461 761 1
485 733 643 760 Adventus.
666 746 703 751 —
723 729 782 763 9a,
807 727 825 755 2
847 730 992 755 necturae.
1014 739 1051 743 —-
1071 723 1132 756 9a,
1153 722 1171 750 3
1192 722 1313 749 Indomo
1334 722 1442 757 potius.
1464 735 1501 739 -

189 776 242 809 91),
266 775 279 802 1
303 775 380 802 Erue
401 774 493 800 uobis,
515 786 551 790 —
573 770 624 804 91),
647 768 664 797 3
685 769 843 803 indulgeat.

609 919 674 949 263.
716 918 757 948 De
779 914 896 947 sanctis
918 913 1088 945 Patronis:

547 1011 576 1042 1.
605 1009 670 1039 Hos
696 1007 764 1038 Deo
792 1004 896 1044 dignis
922 1003 1047 1035 attollat

606 1055 753 1087 laudibus
783 1052 928 1090 ecclesia,

196 1158 254 1189 2a.
285 1156 421 1194 Quorum
440 1152 555 1191 verbis,
575 1150 698 1182 actibus
716 1148 815 1180 sacris
875 1146 937 1178 2b.
970 1145 1045 1183 Nos,
1073 1144 1209 1181 Christe,
1237 1143 1296 1174 tibi
1323 1141 1458 1174 concilia

290 1205 317 1233 et
342 1200 492 1240 exemplis
518 1199 551 1229 1⁸21
578 1197 694 1229 melius
971 1207 1264 1216 ............................

289 1247 489 1280 commutavit
518 1255 621 1277 mores
971 1241 1082 1272 horum
1109 1240 1254 1280 placatus
1280 1247 1338 1278 per

290 1300 319 1328 et
346 1295 460 1328 studia.
971 1287 1129 1328 suffragia.

198 1394 256 1425 3a.
287 1391 330 1422 Et
355 1398 486 1430 quorum
513 1392 561 1418 est
586 1386 735 1418 memoria
876 1383 936 1416 3b.
968 1383 1088 1414 Horum
1116 1382 1157 1413 da
1182 1381 1273 1414 nobis
1300 1379 1447 1421 precibus

288 1447 345 1478 per
370 1437 497 1468 saecula
973 1429 1174 1470 pulsantibus

289 1485 406 1516 mundo
433 1483 578 1519 celebris,
976 1477 1113 1509 fructum
1139 1477 1245 1516 operis

288 1534 319 1564 in
346 1533 389 1563 tui
416 1532 510 1562 laude
536 1529 670 1561 nominis
970 1530 1001 1556 et
1024 1522 1111 1570 [nos]
1138 1535 1156 1556 a
1182 1524 1295 1563 culpae
1328 1523 1446 1555 veteris

290 1580 380 1612 nobis
407 1580 447 1610 sit
473 1577 619 1609 iucunda.
971 1573 1103 1604 maculis
1130 1572 1277 1610 emunda⁷

196 1679 257 1709 4a.
289 1676 331 1708 Ut
359 1674 499 1705 mundati
879 1668 941 1702 4b.
973 1669 1019 1701 Ut
1044 1677 1114 1699 cum
1140 1667 1221 1698 stola

289 1733 308 1754 a
333 1726 533 1762 peccatorum
560 1719 707 1751 sordibus
973 1715 1221 1748 immortalitatis
1250 1714 1371 1756 duplici

293 1769 487 1802 devotissimi
975 1768 1047 1804 post
1072 1763 1243 1794 incolatum

293 1827 399 1849 eorum
425 1815 572 1847 laudibus
974 1811 1112 1843 labentis
1138 1810 1256 1842 saeculi

292 1866 408 1904 iugiter
433 1863 631 1894 inveniamur
975 1859 1107 1891 introire
1133 1867 1204 1890 cum
1231 1858 1332 1890 beatis

293 1913 452 1944 adnuente
477 1909 643 1941 clementia
976 1907 1137 1939 valeamus
1163 1907 1195 1938 in
1221 1906 1338 1946 gaudia

292 1968 429 2000 superna
440 1968 448 1999 ·‚
978 1959 1117 1996 aeterna,

631 2055 664 2084 5.
689 2053 875 2084 Interventu
901 2051 1012 2082 horum

689 2099 808 2130 suffulti
833 2099 946 2138 gratia.

277 2198 357 2224 Miss.
381 2205 433 2223 ms,
448 2196 579 2223 Suhense
601 2203 675 2221 saec.
700 2192 742 2220 12.
758 2191 954 2228 Cod.{Semin.
972 2193 1092 2219 Lincen.
1114 2201 1136 2219 s.
1151 2202 1179 2219 n.
1194 2192 1259 2219 add.
1275 2201 1350 2219 saec.
1368 2191 1412 2219 15.
1427 2193 1462 2220 A.
1477 2208 1515 2211 —

203 2237 286 2264 Miss.
317 2245 368 2262 ms.
400 2235 576 2262 Pataviense
607 2241 682 2260 saec.
717 2230 760 2259 15.
789 2232 858 2259 Cod.
887 2231 1012 2258 Sanctae
1039 2231 1141 2258 Crucis
1173 2229 1219 2258 21.
1247 2232 1279 2258 B.
1301 2247 1338 2250 —
1367 2231 1455 2266 Hym.
1487 2236 1517 2259 et

208 2276 345 2310 Sequent.
376 2282 427 2300 ωε.
454 2272 690 2299 Emmeramense
721 2279 798 2298 saec.
825 2269 868 2297 15.
897 2269 969 2297 Clm.
997 2269 1150 2296 Monacen.
1180 2267 1287 2297 14667.
1314 2270 1345 2297 C.
1376 2284 1410 2288 -—
1431 2271 1516 2298 Miss-

204 2314 378 2340 Pataviense
400 2313 468 2347 imp.
490 2311 638 2346 Augustae
663 2307 744 2336 1503.
766 2309 801 2336 D.
825 2323 857 2328 —
880 2309 963 2336 Miss.
978 2308 1154 2335 Pataviense
1176 2309 1245 2344 imp.
1260 2310 1410 2345 Augustae
1434 2307 1518 2338 1505.

206 2352 242 2380 E.
262 2366 296 2370 —-
321 2351 403 2378 Miss.
426 2350 602 2377 Pataviense
631 2349 699 2383 imp.
720 2348 852 2375 Viennae
875 2345 958 2375 1509.
980 2347 1011 2373 F.
1033 2361 1070 2364 --
1093 2346 1124 2380 l,
1154 2346 1167 2373 1
1189 2347 1303 2384 dignos.
1324 2347 1348 2374 B
1370 2362 1405 2365 —
1427 2348 1458 2375 F.
1480 2362 1519 2367 —

204 2389 260 2422 2³,
292 2388 416 2426 lverbo
437 2389 473 2415 Ε.
495 2404 530 2407 -
551 2385 609 2419 23,
636 2384 654 2413 2
675 2389 705 2413 et
723 2385 874 2414 doctrinis.
895 2386 929 2413 A.
950 2400 988 2403 —
1009 2382 1066 2417 3a,
1094 2383 1113 2412 4
1133 2386 1165 2412 in
1186 2389 1236 2412 tuo
1257 2386 1341 2414 BCF.
1362 2400 1389 2405 —-
1419 2386 1478 2420 41),
1503 2386 1518 2414 1
1551 2381 1554 2383 ’

205 2429 357 2494 ξῦἑλΕ-
379 2426 562 2455 Uberschrift
585 2425 636 2461 „de
658 2422 811 2452 Patronis“
835 2424 901 2458 Ac,
931 2424 984 2459 „de
1004 2432 1042 2451 ss.
1065 2423 1223 2451 Valentino
1245 2428 1274 2451 et
1293 2424 1517 2454 Maximiliano“
