1655 2713
580 295 627 326 74.
670 295 712 327 De
733 298 844 328 sancta
863 295 1017 327 Barbara.

513 414 544 447 1.
571 414 640 446 Rex
665 413 805 453 optimus
831 416 864 444 et
890 414 1047 444 maximus

570 460 691 492 Nostro
718 461 815 492 choro
842 461 884 492 sit
911 461 1078 501 proximus

621 508 844 541 Corroborans
871 512 1016 549 pectora,

156 599 219 631 22.
253 598 316 638 Qui
342 598 507 631 Barbarae
534 599 701 631 victoriam
853 599 918 633 2b.
955 601 1045 632 Haec
1080 607 1129 632 est
1155 602 1308 642 magistra
1335 604 1466 645 caelica,

249 646 365 678 Mundi
393 646 501 685 dedit,
534 657 606 679 mox
632 647 767 687 gloriam
952 652 1040 688 Quae
1067 650 1244 682 trinitatem
1271 652 1407 690 mystica

299 695 379 728 Cum
407 695 531 735 duplici
557 696 676 728 laurea.
1000 697 1209 730 Demonstrat
1234 699 1266 730 in
1293 698 1441 732 formula.

153 788 214 820 3a.
252 786 301 819 Ob
328 787 388 819 hoc
412 791 505 828 pater
531 787 706 820 Dioscorus
856 788 919 822 3b.
952 790 1052 829 Quam
1068 799 1158 821 mons
1174 790 1466 832 reconditpatrius‚

250 835 288 867 In
307 835 390 867 hanc
408 835 497 876 furit,
525 836 641 868 crescit
659 846 767 880 porus,
951 837 1000 868 Ne
1031 838 1140 869 laedat
1174 838 1257 870 hane
1288 840 1468 870 contrarius

299 883 396 916 Cedit
421 884 525 916 lassus
553 885 681 925 virgini.
999 887 1118 918 Sancto
1146 892 1239 926 pater
1265 887 1397 919 numini.

152 977 213 1009 4a.
248 976 308 1007 Vir
333 976 500 1017 comperit,
530 977 604 1008 dum
624 977 767 1017 punitur,
853 977 916 1010 4b.
954 977 1061 1009 Saevit
1088 987 1204 1017 parens
1230 978 1262 1009 in
1290 979 1465 1018 propriam,

250 1024 367 1056 Natam
397 1025 561 1064 latentem,
588 1025 749 1065 proditur,
949 1026 1049 1066 Quam
1078 1026 1229 1057 distrahit
1256 1030 1355 1059 totam
1384 1027 1466 1058 viam

301 1073 420 1105 Factus
445 1072 529 1113 lapis
557 1073 685 1114 duruit;
998 1073 1041 1105 Et
1067 1074 1167 1105 iudici
1194 1075 1331 1107 subruit.

152 1167 171 1197 5
184 1173 213 1198 a.
249 1164 310 1204 Qui
334 1174 397 1196 non
416 1165 521 1207 minis,
549 1174 612 1197 non
631 1165 766 1196 verbere
853 1168 871 1198 5
884 1165 915 1198 b.
952 1165 1110 1197 Constans
1125 1171 1229 1197 manet
1242 1166 1374 1206 placens
1386 1167 1468 1208 Deo,

250 1213 369 1245 Taetro
395 1222 453 1244 nec
479 1213 583 1253 ipsam
611 1222 742 1245 carcere
949 1214 1068 1246 Secura
1093 1215 1156 1246 iam
1185 1215 1224 1245 de
1251 1216 1404 1257 praemio,

299 1261 407 1292 Vincit
432 1270 492 1293 nec
519 1261 727 1304 horroribus;
999 1263 1127 1295 intenta
1152 1263 1355 1297 caelestibus.

153 1354 213 1386 6³.
252 1353 364 1385 Latam
392 1356 486 1392 pater
511 1354 703 1385 sententiam
853 1354 917 1387 6b.
954 1355 1089 1386 Domum
1117 1358 1273 1394 tyrannus
1300 1354 1433 1386 fulmine

249 1402 327 1442 Agit
352 1410 448 1433 ruens
475 1402 507 1433 in
534 1401 644 1441 filiam,
950 1404 1036 1434 Ictus
1065 1404 1158 1443 perit,
1188 1413 1249 1443 quo
1275 1403 1403 1434 turbine

297 1449 395 1481 Cuius
423 1454 518 1490 caput
547 1453 687 1483 desecat.
997 1451 1111 1482 Manes
1137 1451 1235 1482 miser
1262 1452 1380 1485 visitat.

151 1541 210 1573 7a.
247 1540 312 1573 Sed
338 1541 395 1572 illa
422 1541 540 1573 victrix
565 1542 715 1573 cardines
849 1542 912 1576 7b.
949 1543 974 1574 O
1002 1546 1126 1582 martyr
1153 1547 1183 1573 et
1211 1543 1301 1582 virgo
1328 1542 1421 1581 bona,

248 1589 338 1622 Caeli
365 1590 458 1629 petit,
485 1599 579 1630 quam
599 1590 763 1630 supplices
946 1590 1092 1622 Christus
1119 1591 1172 1630 pia
1198 1600 1294 1630 prece
1321 1595 1374 1622 tua

293 1637 428 1670 Oremus
454 1637 515 1669 hoc
541 1639 699 1670 carmine:
994 1639 1061 1670 Nos
1088 1644 1203 1679 purget
1229 1649 1248 1670 a
1275 1639 1421 1678 crimine3

147 1731 207 1763 82.
244 1729 288 1761 Et
314 1739 333 1761 a
360 1729 444 1762 mala
471 1739 599 1769 semper
624 1739 701 1762 nece
850 1730 912 1763 8b.
949 1731 1049 1770 Quam
1083 1730 1227 1762 conferat
1264 1740 1333 1762 eum
1361 1731 1464 1771 gloria

247 1777 314 1810 Nos
341 1777 469 1817 liberet,
502 1779 550 1809 sic
576 1782 607 1810 te
635 1779 716 1810 duce
947 1779 1049 1811 Nobis
1074 1779 1134 1811 Dei
1162 1780 1317 1819 potentia,

294 1826 339 1859 Ut
362 1835 452 1858 mens
479 1827 521 1858 sit
547 1827 580 1858 in
606 1828 722 1868 gratia.
993 1829 1081 1868 Quae
1108 1828 1254 1860 condidit
1281 1829 1419 1861 saecula.

201 1918 283 1945 Miss.
305 1919 493 1946 Bituricense
519 1919 590 1954 imp.
613 1919 738 1946 Parisiis
763 1916 844 1947 1522.
867 1935 904 1939 —
927 1918 981 1951 71„
1007 1918 1018 1946 l
1043 1921 1136 1955 virga.

484 2072 529 2103 75.
571 2071 613 2103 De
636 2071 860 2103 Translatione
883 2081 906 2102 s.
928 2071 1101 2102 Barbarae.

146 2187 206 2220 la.
242 2186 295 2219 Ad
326 2187 456 2219 laudem
482 2187 712 2227 omnipotentis
850 2187 910 2220 lb.
947 2187 1058 2220 Omnis
1086 2186 1160 2218 boni
1188 2187 1334 2226 largitori

241 2235 304 2268 Dei
330 2240 446 2268 cuncta
473 2235 676 2276 disponentis
945 2235 1128 2274 Salutisque
1156 2235 1314 2274 provisori

290 2284 431 2317 Plaudat
460 2284 552 2324 plebs
580 2283 758 2323 catholica3
993 2284 1124 2315 Promat
1150 2284 1236 2314 laeta
1263 2283 1398 2316 cantica.

144 2377 202 2409 2a.
237 2376 298 2416 Qui
324 2375 422 2408 hodie
447 2374 684 2416 transportavit
849 2374 912 2410 2b.
947 2374 1005 2407 Cui
1032 2373 1200 2405 universus
1226 2374 1331 2405 clerus

239 2424 286 2457 Et
316 2425 450 2456 honeste
479 2423 667 2456 sublimavit
945 2423 989 2454 Et
1013 2422 1116 2454 omnis
1142 2430 1237 2453 sexus
1263 2423 1406 2455 sincerus

291 2473 450 2514 Sponsam
467 2481 558 2504 suam
571 2471 762 2511 Barbaram,
995 2470 1110 2503 Cordis
1137 2470 1225 2502 laxet
1250 2471 1418 2504 citharam.
