1655 2713
662 159 928 194 -201—

147 253 210 285 221.
240 252 332 284 Haec
357 255 472 296 gentili
501 257 688 297 patriarcha
849 255 910 289 2b.
942 256 1048 296 Digna
1073 254 1156 287 sacri
1182 252 1277 285 flatus
1304 263 1380 285 area

294 300 381 333 Nata
407 301 590 337 Theodosio
993 303 1118 336 Petitur
1141 302 1285 344 Olybrio.

146 397 166 429 3
178 405 207 428 a.
239 396 337 430 Cuius
348 406 506 437 spernens
518 400 631 441 minaS,
647 409 763 441 preces
848 402 868 433 3
880 400 911 434 b.
943 401 1029 432 Hinc
1047 409 1108 432 non
1123 408 1243 440 pavens
1257 398 1348 430 miles
1364 407 1457 429 neces

292 444 434 478 Carcere
461 448 660 487 recluditur;
993 449 1121 488 Flagris
1135 472 1141 486 ,
1175 448 1273 487 virgis
1301 447 1457 480 caeditur.

147 542 210 575 4a.
242 541 318 580 Sed,
345 542 420 581 quia
445 551 505 574 nec
529 544 575 575 sic
601 543 742 586 oboedit‚
848 544 911 577 4b.
943 545 1048 576 Nudis
1083 545 1179 576 costis
1211 544 1285 576 hinc
1311 543 1458 585 procedit

293 589 473 622 Laceratur
499 592 645 632 pectine3
992 593 1092 625 Rivus
1119 592 1237 624 rubens
1263 592 1426 632 sanguine.

147 686 208 718 52.
238 685 316 718 Post
342 685 422 717 haec
448 686 552 719 Ulsus
848 687 910 720 5b.
940 688 1038 727 Quem
1066 688 1096 719 vi
1123 688 1227 719 crucis

244 733 414 765 Frendens
442 744 553 766 rursus
945 734 1101 767 Scindens
1128 736 1228 766 trucis

292 781 441 814 Carceris
467 783 500 814 in
527 783 679 814 tenebras
993 783 1143 814 Denudat
1170 783 1314 816 insidias.

243 829 394 862 Sanctam
421 831 535 871 trudit,
945 831 1042 863 Cuius
1071 840 1162 862 versa

246 878 338 910 Hanc
364 879 473 911 illudit
945 879 1075 911 Fraude
1102 888 1206 910 mersa

295 927 331 958 In
360 927 502 960 dracone
527 932 670 960 satanas.
994 927 1150 967 Lymphis
1178 927 1253 957 vicit
1280 926 1421 958 balneas

149 1025 210 1058 6a.
241 1024 329 1064 Ergo
357 1024 594 1056 circumstantis
622 1023 726 1064 gentis
850 1023 912 1057 6b.
943 1023 1114 1055 Decollata
1141 1023 1194 1062 qui
1221 1032 1280 1062 pro
1306 1022 1434 1055 Christo

297 1072 442 1105 Credunt
469 1073 565 1112 quina
591 1072 692 1109 milia,
994 1071 1132 1111 Capiunt
1160 1071 1321 1102 caelestia.

149 1170 207 1203 7a.
240 1168 300 1200 His
326 1173 484 1200 astantem
509 1168 603 1208 iunge
622 1168 760 1210 plebem,
849 1167 910 1200 7b.
942 1168 979 1199 In
1006 1168 1140 1208 perenni
1168 1176 1347 1198 mereamur

291 1217 335 1250 Ut
363 1226 423 1258 per
449 1216 638 1249 transitoria
993 1216 1166 1247 Exsultare
1192 1216 1304 1256 gloria.

199 1313 287 1342 Grad.
310 1322 363 1339 ms.
386 1312 581 1340 Bocholtense
604 1321 680 1339 saec.
706 1311 747 1339 15.
772 1311 842 1340 cod.
867 1311 1038 1339 Bocholten.
1061 1312 1084 1338 L
1107 1313 1132 1336 ti.
1156 1328 1191 1331 ν-
1213 1310 1263 1341 Ta,
1289 1310 1300 1337 1
1324 1312 1407 1338 Tuis.
1424 1326 1458 1329 —

125 1352 269 1380 Melodie:
292 1351 317 1379 O
340 1352 453 1379 beata
476 1352 679 1379 beatorum.

538 1504 605 1535 224.
648 1503 690 1534 De
714 1504 828 1534 sancta
849 1502 1041 1542 Margareta.

145 1606 162 1638 1
179 1615 208 1638 a.
239 1605 367 1637 Titulus
393 1604 565 1636 memoriae
847 1603 909 1636 1b.
946 1603 1153 1634 Fermentum
1180 1602 1322 1633 malitiae

243 1653 434 1687 celebretur
459 1652 555 1684 hodie
945 1651 1055 1683 Cesset
1083 1655 1113 1681 et
1140 1651 1312 1690 nequitiae,

241 1702 400 1741 Martyris
426 1701 573 1733 eximiae.
943 1700 985 1732 Et
1012 1700 1113 1739 ipsius
1141 1699 1262 1739 gloriae

288 1750 496 1790 Margaretae
509 1761 516 1790 3
992 1747 1208 1788 Congaudete.

145 1849 205 1881 23..
239 1847 332 1879 Hane
358 1845 434 1878 fidei
460 1845 607 1883 firmitas⁷
845 1844 907 1878 2b.
942 1844 1115 1884 Virginalis
1143 1843 1274 1875 castitas

241 1895 334 1928 Hanc
361 1895 430 1935 spei
457 1894 615 1934 soliditas
940 1893 1132 1932 Morumque
1159 1892 1327 1923 sinceritas

241 1944 335 1976 Hanc
361 1944 488 1975 sincera
515 1943 632 1975 caritas
941 1940 1064 1983 [Atque
1092 1941 1208 1972 mentis
1235 1937 1382 1983 firmitas]

289 1993 482 2031 Decoravit3
989 1990 1083 2022 Hanc
1107 1989 1244 2021 ornavit.

146 2091 207 2124 3a.
238 2090 329 2122 Haec
355 2090 542 2131 sanguinem
568 2089 736 2130 proprium
847 2090 866 2119 :3
879 2087 911 2122 b.
943 2087 1034 2120 Haec
1060 2087 1322 2128 periclitantium,

241 2139 382 2180 Propter
406 2138 468 2171 Dei
494 2137 596 2170 filium
943 2135 982 2168 Iu
1009 2140 1104 2176 partu
1129 2135 1375 2175 praegnantium

241 2186 343 2219 Fudit
370 2190 402 2218 et
425 2186 595 2228 Olybrium
941 2184 1068 2217 Adesse
1096 2183 1293 2224 praesidium

288 2235 400 2268 Mente
426 2234 569 2276 sprevit3
990 2232 1174 2266 Consuevit.

142 2335 204 2367 4a.
235 2333 261 2367 Ο
287 2336 392 2366 mater
418 2333 546 2372 eximia,
844 2329 909 2366 4b.
938 2331 1002 2363 Per
1028 2335 1084 2362 tua
1110 2327 1261 2368 suffragia

240 2381 365 2415 Cuncta
390 2381 477 2423 pelle
503 2381 601 2413 noxia
942 2378 1047 2410 Detur
1073 2376 1164 2409 nobis
1191 2377 1295 2416 gratia

241 2430 363 2463 Contra
385 2439 444 2462 nos
470 2429 659 2471 pugnantia,
939 2427 983 2459 Et
1009 2426 1040 2457 iu
1068 2425 1158 2457 caelo
1184 2425 1286 2466 gloria

285 2479 386 2520 Virgo
412 2488 495 2520 pura
506 2489 513 2518 ;
989 2475 1215 2508 Permansura.
