1655 2713
736 157 974 192 -48-

221 257 240 288 5
253 264 282 287 a.
318 256 408 288 Tunc
427 256 526 294 Iesus,
547 265 637 296 quem
652 255 824 294 invocavit,
910 256 929 288 5
943 253 974 289 b.
1010 254 1060 286 Ex
1073 263 1135 295 quo
1145 257 1290 287 sanctum
1301 254 1386 286 hunc
1397 253 1527 295 potavit

316 304 448 336 Fontem
485 305 589 335 vivum
621 303 826 344 praeparavit
1005 301 1050 334 Et
1075 311 1191 342 corpus
1216 301 1424 343 refrigeravit

363 352 521 391 Aperiens
547 352 680 392 aridam,
1054 351 1118 382 Per
1140 350 1283 383 divinam
1308 350 1456 390 gratiam.

221 453 281 486 6a.
316 452 400 484 Hinc
418 453 459 483 ad
477 451 586 483 urbem
603 451 822 483 placentinam
907 451 969 484 6b.
1006 451 1070 484 Ubi
1096 454 1170 492 post
1194 450 1360 483 illusiones

316 500 535 531 Praedicendo
567 503 700 530 mortem
733 508 821 532 suam
1002 499 1045 531 Et
1069 503 1141 539 post
1167 499 1284 530 multas
1310 499 1471 531 torsiones

361 548 534 587 Regressus
562 551 610 578 est
635 548 761 586 iterum,
1052 547 1168 578 Passus
1194 551 1243 578 est
1271 548 1472 587 martyrium.

222 648 277 679 7a.
315 647 357 678 Et
383 656 452 678 cum
480 651 564 679 esset
591 647 777 686 decollatus,
911 646 971 680 7b.
1011 648 1057 680 Ut
1082 647 1162 679 nihil
1190 646 1450 690 defraudaretur,

315 694 448 734 Sanguis
476 699 523 727 est
551 695 734 734 coagulatus
1009 695 1072 727 Sed
1099 700 1200 727 totum
1225 700 1473 727 conservaretur

362 742 502 774 Gloriosi
528 743 688 782 martyris,
1054 743 1179 775 Donum
1206 744 1309 776 sancti
1339 744 1496 783 corporis,

223 842 281 874 Su.
318 842 420 881 Caput
449 852 530 883 aqua
556 842 618 874 iam
647 843 825 883 proiectum
910 843 976 876 8b.
1011 844 1047 875 In
1074 844 1231 876 navicella
1257 847 1423 884 receptum

319 890 396 921 Cum
422 899 532 922 cruore
559 894 607 921 est
633 891 801 922 collectum
1007 891 1060 923 Sic
1086 892 1128 923 ad
1150 891 1261 923 urbem
1282 897 1330 923 est
1351 892 1522 923 devectum

366 938 427 969 Per
453 948 578 970 manum
601 937 796 978 angelicam;
1054 940 1116 972 Per
1131 940 1263 979 Padum,
1283 949 1342 980 per
1356 940 1519 973 Treviam.

223 1038 281 1069 9a.
319 1037 434 1068 Festus
456 1038 594 1080 quidam,
623 1038 825 1078 christianus,
911 1039 974 1073 9b.
1010 1039 1141 1071 Sacrum
1168 1039 1272 1071 locum
1297 1041 1520 1083 praeparavit,

322 1085 378 1116 Vir
404 1086 435 1116 in
462 1090 571 1117 sancta
596 1085 660 1117 fide
686 1095 793 1126 sanus,
1007 1087 1043 1118 ln
1070 1097 1131 1127 quo
1157 1092 1253 1128 caput
1279 1088 1451 1120 collocavit

369 1132 515 1172 Suscepit
541 1133 619 1164 haec
644 1143 794 1172 munera,
1056 1137 1163 1178 Atque
1188 1136 1332 1168 membra
1359 1141 1477 1170 cetera.

203 1234 282 1264 wa.
321 1232 434 1271 Sicque
461 1233 579 1263 dudum
606 1233 776 1268 occultata.
890 1234 932 1266 10
944 1233 975 1267 b.
1011 1234 1089 1266 Cum
1123 1244 1184 1274 quo
1210 1244 1266 1266 sex
1290 1234 1421 1267 fuerunt
1446 1237 1522 1268 miri

322 1279 384 1312 Sed
412 1284 483 1311 sunt
509 1281 636 1312 tandem
663 1281 805 1313 revelata
1009 1282 1178 1314 Praesules
1204 1283 1368 1323 sanctique
1394 1281 1489 1328 [viri]

369 1327 485 1359 Savino
512 1329 671 1367 episcopo,
1056 1330 1218 1369 operante
1243 1330 1391 1369 Domino,

202 1427 242 1459 11
256 1436 284 1459 a.
322 1427 452 1458 Sacrum
474 1437 589 1467 corpus
607 1429 826 1468 recondentes,
891 1430 931 1461 11
944 1429 975 1461 b.
1011 1429 1075 1462 Ubi
1101 1430 1212 1461 laudes
1236 1441 1320 1462 nunc
1339 1432 1525 1471 solvuntur,

323 1474 511 1506 Vaticinium
539 1476 707 1515 implentes
1011 1481 1116 1517 Atque
1141 1487 1253 1518 preces
1279 1479 1455 1511 offeruntur

367 1522 505 1555 Victoris
531 1524 742 1566 sanctissimi3
1058 1526 1120 1557 Pro
1145 1526 1248 1557 salute
1273 1528 1395 1567 populi.

200 1623 284 1655 12a.
321 1621 384 1653 Sed
403 1631 461 1653 nec
477 1623 519 1654 ist¹
537 1623 580 1655 ud
595 1628 643 1655 est
657 1624 826 1663 silendum,
889 1626 931 1658 12
942 1625 973 1659 b.
1009 1624 1121 1658 Fluxit
1142 1627 1293 1658 membris
1313 1628 1352 1659 de
1371 1629 1517 1668 sacratis,

319 1670 418 1701 Immo
443 1670 578 1703 firmiter
603 1673 786 1714 tenendum,
1008 1673 1123 1705 Fidem
1150 1675 1240 1706 daret
1265 1679 1301 1706 ut
1325 1678 1456 1716 renatiS,

365 1718 445 1756 Quia
471 1722 561 1758 gutta
586 1720 748 1759 sanguinis
1056 1721 1197 1754 Gloriosi
1222 1725 1384 1764 martyris.

202 1819 243 1850 13
257 1827 285 1850 a.
321 1818 437 1850 Sancte
462 1823 584 1859 martyr
609 1820 780 1858 Antonine,
892 1822 934 1855 13
945 1821 976 1854 b.
1012 1822 1137 1854 Praebe
1163 1823 1208 1855 eis
1234 1824 1340 1857 lumen
1366 1835 1488 1865 verum,

319 1865 386 1897 Fac
409 1867 530 1897 servire
556 1867 615 1898 tibi
642 1867 737 1907 digne
1010 1870 1109 1902 Serva
1135 1871 1272 1912 plebem,
1302 1882 1376 1913 rege
1399 1875 1526 1906 clerum·

367 1914 438 1945 Hoc
469 1923 622 1955 praesens
648 1916 826 1958 collegium,
1056 1919 1099 1950 Et
1124 1929 1207 1951 nunc
1233 1924 1265 1951 et
1289 1921 1322 1953 in
1344 1923 1518 1956 saeculum.

276 2013 436 2040 Collectan.
458 2022 510 2040 ms.
537 2014 742 2042 Placentinum
770 2024 844 2043 saec.
869 2015 941 2044 ¹²lia.
969 2017 1039 2044 Cod.
1067 2017 1160 2053 Capit.
1182 2019 1346 2048 placentin.
1377 2020 1423 2050 65.
1462 2023 1521 2050 Mit

198 2051 326 2078 Melodie
350 2049 495 2087 „Lauda
514 2052 639 2086 Si0n“‚
668 2054 738 2091 aber
759 2055 797 2080 in
819 2055 906 2082 freier
926 2056 1134 2093 Bearbeitung.
1159 2071 1189 2075 —
1212 2056 1269 2091 93,
1300 2059 1312 2087 1
1335 2061 1465 2097 quidem.
1480 2076 1521 2080 —

202 2088 270 2123 lla,
293 2087 310 2116 2
331 2091 502 2117 vaticinum.
524 2105 560 2109 —
585 2089 653 2123 131),
675 2091 693 2118 3
714 2093 841 2120 saecula.
863 2107 899 2112 —-
914 2093 1064 2121 Abschrift
1078 2104 1136 2122 von
1151 2096 1223 2123 Rev.
1239 2098 1276 2125 H.
1291 2099 1331 2126 M.
1347 2098 1519 2128 Bannister.

605 2251 653 2282 46.
697 2251 738 2282 De
759 2259 782 2282 s.
803 2251 936 2283 Antonio
957 2252 1109 2285 Eremita.

225 2355 283 2389 la.
319 2354 368 2388 Ob
393 2355 526 2387 Antonii
553 2355 704 2388 honorem
910 2355 970 2392 lb.
1005 2358 1066 2398 Qui
1091 2369 1126 2392 se
1143 2365 1298 2405 praestat,
1324 2364 1506 2399 adiutorem

318 2403 504 2435 Invocemus
530 2408 708 2437 creatorem
1004 2406 1077 2439 Suis
1102 2410 1224 2450 gratiae
1248 2411 1457 2452 splendorem

363 2452 462 2491 Caeli,
489 2456 605 2491 terrae,
632 2453 777 2495 marium,
1052 2456 1257 2492 eonferenda
1282 2461 1416 2497 varium.
