1655 2713
173 447 239 479 22.

172 723 238 755 3a.

170 901 236 933 4a.

167 1080 233 1110 5a.

168 1451 233 1483 6a.

164 1673 228 1706 7a.

161 1847 226 1879 8a.

160 1974 228 2008 ea.

77 2264 81 2274 ·
134 2244 225 2280 1oa.

131 2371 175 2405 11
191 2381 222 2406 a.

708 158 942 194 -81-

591 249 633 280 81.
674 249 718 281 De
739 251 850 283 sancto
869 251 1045 283 Benedicta.

590 325 621 357 1.
650 321 793 367 organa,
819 326 912 366 plebs
938 327 1002 368 pia,

647 373 751 412 psalle
776 374 927 413 iucunda,

272 443 445 480 Benedicti
472 451 561 482 clara

273 496 349 536 quia
374 497 495 529 micant
519 498 624 530 incliti
651 498 745 542 festa,

271 552 332 583 per
357 545 465 585 ampla

269 592 358 624 orbis
385 594 492 633 spatia

271 641 476 681 veneranda;

269 718 416 763 Namque
443 711 560 756 florida
585 729 730 758 temnens

266 776 438 811 spreverat

268 828 288 850 a
313 820 472 862 pueritia3

269 897 388 934 Divina
413 902 538 942 pollens

267 950 371 989 gratia

270 1006 330 1036 per
355 1007 462 1030 omma

271 1075 410 1112 Caelesti
438 1080 575 1112 donatus
601 1082 694 1122 stola,

268 1127 330 1162 Tu
355 1127 541 1168 Benedicte,

265 1174 432 1216 leqislator
457 1176 552 1217 alme,

263 1226 338 1255 vota
363 1224 436 1256 vide
461 1229 576 1258 nostra

264 1267 311 1305 Et
337 1272 413 1304 data
439 1273 536 1305 bodie

264 1321 404 1355 cantica.

264 1448 348 1484 Iusti
374 1461 464 1483 mens
490 1453 660 1492 praeclara

264 1503 296 1531 et
323 1500 432 1540 digna,
460 1509 552 1540 quem
580 1502 624 1532 nil

259 1552 353 1579 nocet
379 1548 519 1588 pessima

262 1594 353 1628 fraus
380 1597 493 1628 mortis
520 1598 666 1637 conscia3

265 1669 306 1706 Et
335 1674 410 1706 dum
438 1678 596 1706 venenata

260 1722 362 1753 mittit
396 1722 525 1754 invidus
558 1723 659 1755 hostis
695 1724 778 1756 dona

260 1770 330 1802 viro
357 1770 418 1802 Dei
445 1775 552 1803 mente
579 1772 673 1812 mala,

259 1845 310 1881 Ac
346 1852 462 1880 cuncta
486 1853 619 1889 stupent
643 1855 776 1890 pectora

258 1899 367 1937 noctu,
393 1906 456 1937 quo
482 1898 632 1938 signabas

258 1970 378 2015 Magna
403 1975 484 2007 caeli
507 1976 614 2017 stella,

256 2024 336 2058 Eos
362 2033 489 2064 semper
513 2024 655 2067 illustra,

255 2081 337 2112 quos
369 2076 506 2105 sanctae
531 2073 617 2105 vitae
634 2074 775 2114 placida

254 2121 383 2161 formas
408 2121 534 2162 reana,

255 2166 409 2210 Vel-aque
434 2169 561 2210 pollens
587 2169 710 2211 gloria3

257 2244 336 2281 Cum
363 2247 423 2279 tibi
449 2247 624 2288 praeconia

255 2295 468 2336 concinimus,
495 2295 620 2328 audias.

253 2369 350 2406 Iussa
366 2373 458 2405 cuius
479 2376 622 2405 tremunt
635 2375 770 2413 tartara,

251 2426 380 2454 mortuo
407 2421 483 2454 dum
511 2421 607 2454 datur

253 2470 322 2503 vita
346 2470 463 2504 libera.

187 2528 227 2552 Bl
235 2535 310 2552 nme
318 2548 324 2558 ,
343 2528 514 2558 Sequentiae
530 2528 667 2552 Ineditae.
700 2527 748 2551 IX.

869 454 936 488 2b.

868 728 933 762 3b.

866 907 933 940 4b.

871 1085 938 1119 5b.

866 1455 932 1488 6b.

866 1677 931 1710 7b.

863 1852 929 1887 8b.

862 1979 928 2012 9b.

835 2248 879 2282 10
894 2248 927 2282 b.

834 2374 875 2407 11
892 2373 924 2407 b.

967 453 1019 489 Ex
1045 457 1149 489 libera
1175 459 1308 498 pulchre

969 505 1023 544 qui
1058 504 1119 537 fuit
1144 511 1234 539 ortus
1260 509 1362 549 stirpe
1389 511 1478 552 virga

969 552 1078 584 lucida

968 604 1063 640 atque
1090 601 1147 633 flos
1172 605 1330 637 scandens

967 653 1002 679 ut
1028 650 1104 683 lilia.

966 727 1084 763 Excisu
1109 733 1293 773 redintegra

966 788 1058 818 quern
1086 785 1200 812 sonant

966 832 1060 858 antra
1088 828 1184 859 laude
1211 838 1314 867 sacra,

964 905 1073 940 Iustus
1100 910 1151 940 hic
1178 911 1278 950 nives,

966 955 1088 996 frigora

966 1004 1027 1035 fert
1055 1015 1180 1046 aspera.

971 1083 1091 1119 Lumen
1139 1090 1248 1119 mundi
1296 1099 1379 1121 nunc
1422 1101 1479 1130 per

1190 1138 1307 1176 saecla,

964 1183 1089 1217 Exora
1115 1184 1226 1216 Iesum

956 1241 1021 1270 pro
1047 1232 1151 1272 nobis,
1177 1243 1248 1273 spes
1274 1245 1342 1266 una

962 1280 1197 1312 monachorum
1225 1292 1357 1322 magma,

964 1324 1089 1360 Gaudia
1118 1330 1288 1362 donantem

961 1377 1093 1415 optima.

967 1453 1070 1489 Felici
1096 1460 1150 1498 qui
1179 1459 1293 1491 dextra

964 1505 1019 1536 dat
1046 1507 1149 1538 crucis
1175 1508 1276 1548 signa,

962 1558 1073 1593 crepat
1098 1554 1172 1586 fiala

960 1611 1033 1634 mox
1061 1604 1161 1643 pestis
1189 1604 1306 1637 baiula.

967 1676 1125 1721 „Refer“,
1150 1681 1263 1721 inquit,
1295 1683 1387 1723 „ista,

960 1736 1023 1767 quo
1049 1729 1128 1759 nulli
1155 1729 1261 1761 ferant
1287 1732 1426 1769 exitia“:,

958 1776 1008 1807 vir
1040 1782 1169 1809 sanctus
1197 1787 1293 1810 corvo
1319 1780 1468 1820 imperat.

963 1851 1086 1886 Lucide
1112 1855 1144 1887 in
1171 1865 1260 1887 usum
1288 1861 1376 1889 tecta

960 1901 1095 1934 fratrum
1123 1906 1361 1944 praeparanda.

960 1978 1058 2013 Orbis
1085 1981 1139 2012 lux
1166 1983 1316 2021 maxima,

959 2029 1037 2063 Tuo
1066 2030 1224 2062 vehamur
1248 2034 1372 2070 nostra,

950 2080 1060 2119 pater,
1088 2078 1197 2118 ductu,
1226 2078 1295 2111 iam
1317 2081 1469 2112 carmina

956 2125 1003 2156 ad
1025 2126 1152 2158 siderea

956 2170 1100 2206 Aeterno
1128 2175 1193 2215 regi
1221 2176 1360 2215 placida.

958 2246 1065 2290 Ligati
1092 2256 1126 2282 tu
1153 2250 1251 2282 sortia

955 2298 1068 2329 videns
1094 2299 1192 2330 solvis
1219 2299 1365 2343 vincula3

955 2370 1054 2413 Ecce,
1079 2384 1170 2407 soror
1196 2379 1226 2407 et
1254 2376 1466 2418 Scholastica,

953 2423 1093 2455 culmina
1119 2423 1193 2455 dum
1221 2425 1346 2464 quaerit

967 2480 1057 2512 virgo
1083 2480 1194 2514 supea‚

1274 2530 1291 2557 6
