1655 2713
688 156 924 190 -92-

180 252 240 283 5a.
281 251 329 282 Tu
355 255 508 292 patronus
534 256 563 284 et
590 253 764 295 praelatus,

275 299 323 330 Tu
351 299 513 331 confessor
538 310 570 332 es
597 300 718 340 beatus,

322 347 369 378 Tu
396 352 505 387 pastor
530 349 692 388 egregiu33

178 433 240 464 6a.
277 431 475 466 confessoris
506 434 604 464 vicem
632 442 733 473 geras,

276 481 319 512 Ut
345 480 476 511 salutem
506 481 597 512 nobis
625 480 720 519 feras,

320 528 386 566 Qua
414 528 500 559 beari
526 529 696 561 credimus.

181 613 239 645 7a.
276 615 310 645 In
339 614 498 653 praesenti
525 615 651 646 saeculo

322 661 435 692 Pacem
462 671 480 692 a
506 666 537 692 te
563 663 732 703 poscimus,

273 709 314 741 Ut
342 709 401 740 tuti
429 710 572 749 periculo

319 756 375 793 Te,
402 766 493 796 quem
521 767 594 789 vere
621 758 764 799 colimus,

369 804 515 836 Colamus
541 806 748 838 sollemniter.

870 252 933 286 5b.
968 253 1002 285 Si
1028 257 1182 294 patronus
1207 263 1252 296 es,
1281 253 1450 296 defendas

967 301 999 332 Si
1025 302 1188 341 praelatus
1215 311 1259 344 es,
1283 303 1434 336 intendas

1009 350 1047 381 In
1079 350 1170 382 nobis
1195 351 1367 386 salubrius,

867 434 930 468 6b.
965 435 1080 467 Pastor
1105 440 1230 475 pastum
1255 437 1376 477 praebe
1395 438 1476 470 caeli

963 483 1032 515 Tuo
1057 484 1147 525 gregi
1173 484 1219 516 sic
1246 484 1344 527 fideli,

1013 531 1094 562 Nam
1119 532 1160 564 ad
1187 536 1219 564 te
1245 534 1450 566 recurrimus.

868 616 927 648 7b.
965 616 1121 648 Effectum
1149 618 1189 650 da
1217 619 1378 660 precibus,

1008 665 1051 697 Ut
1077 665 1190 697 salutis
1216 668 1355 706 pretium

963 711 1010 743 Sit
1039 722 1075 744 ex
1103 714 1166 744 tuis
1192 714 1362 757 laudibus3

1009 760 1061 792 Sic
1087 761 1129 792 ad
1156 762 1240 793 vitae
1267 764 1442 802 praemium

1055 809 1121 840 Nos
1147 809 1256 842 trahas
1276 812 1472 850 perenniter.

229 889 310 915 Miss.
344 898 395 915 ms.
428 890 651 917 Franciscanum
679 892 883 921 (Tarentinum
892 894 916 925 ⁶2)
942 901 1017 920 saec.
1048 892 1091 921 15.
1121 894 1190 921 Cod.
1219 895 1309 922 Univ.
1337 897 1474 924 Patavin.

157 924 240 952 1129.
252 941 287 946 —
300 925 350 958 611,
366 925 383 953 2
395 927 475 962 gregi
488 929 535 954 sit.
549 943 582 947 —
596 928 612 955 7
622 930 647 960 b,
665 928 682 956 2
698 930 830 957 salutem.
845 945 877 950 -
891 932 1042 958 Absehrift
1053 941 1109 959 von
1121 933 1193 960 Rev.
1206 935 1243 960 H.
1255 934 1294 960 M.
1308 935 1473 963 Bannister.

581 1106 617 1136 93
660 1108 701 1137 De
724 1109 833 1139 saneta
857 1108 1043 1141 Christiana.

182 1213 197 1243 1
212 1221 239 1243 a.
276 1212 477 1244 Christianae
502 1215 630 1254 virginis

276 1260 372 1291 Festa
398 1261 482 1292 colat
504 1261 608 1293 fidelis

322 1307 503 1340 Christiana
528 1310 642 1347 contio,

175 1392 235 1423 2a.
271 1392 395 1423 Laudet
421 1394 555 1425 ecclesia

270 1440 361 1471 Hanc
385 1441 490 1472 devoti
512 1446 622 1473 cantus
639 1443 776 1475 melodia

172 1526 232 1557 3a.
269 1525 353 1556 Nata
389 1526 472 1565 regis
499 1527 576 1558 haec
602 1528 777 1567 Anglorum

267 1573 342 1605 Fuit
368 1578 398 1604 et
433 1575 570 1614 reginae,
597 1585 729 1615 quorum

320 1620 394 1652 Sola
419 1621 511 1653 heres
537 1623 667 1664 aderat;

172 1708 233 1739 4a.
269 1707 410 1746 Angelus
438 1708 519 1739 hanc
545 1709 664 1749 visitat,

271 1754 439 1786 Visitatam
466 1757 577 1787 incitat

317 1803 369 1833 Ad
396 1802 545 1842 baptismi
571 1805 715 1844 gratiam.

170 1889 230 1920 5a.
267 1887 454 1926 Baptizatur

265 1935 307 1966 Et
334 1941 465 1968 vocatur

315 1982 510 2022 Christiana,

310 2032 396 2070 Quae
424 2041 547 2072 pagana

362 2079 560 2111 Adulescens
587 2079 701 2120 fuerat,

168 2165 227 2196 63.
263 2163 380 2196 Divino
406 2165 623 2205 inspiramine,

262 2211 449 2252 Presbyteri
476 2213 653 2246 hortamine

309 2260 451 2301 Reliquit
484 2262 599 2294 cultum
628 2265 771 2299 Veneris.

167 2347 225 2379 7a.
253 2347 366 2378 Fidem
394 2347 473 2379 haec
497 2348 537 2381 ab
563 2350 675 2390 angelo

309 2394 412 2426 Discit
438 2400 470 2427 et
495 2398 697 2438 presbytero,

357 2444 454 2482 Quam
473 2450 634 2478 consortes
650 2447 767 2490 docuit,

868 1217 928 1250 1b.
964 1219 1120 1251 Revoluta
1146 1220 1252 1262 hodie,

962 1267 1113 1298 Resoluta
1139 1268 1201 1299 sint
1228 1268 1303 1300 inde

1007 1315 1214 1346 Peccatorum
1241 1316 1378 1350 vincula.

862 1396 924 1429 2b.
960 1398 1095 1438 Dignam
1123 1400 1228 1440 laude,
1255 1403 1329 1442 quia

961 1446 1026 1487 Pia⁷
1054 1451 1142 1479 casta
1170 1447 1227 1480 suit
1254 1455 1285 1480 et
1310 1450 1428 1484 sobria.

862 1530 923 1563 3b.
958 1532 1096 1571 Rituque
1127 1534 1408 1573 praedecessorum

959 1579 1084 1611 Cultum
1113 1582 1210 1620 gessit
1239 1582 1408 1624 idolorum,

1006 1627 1086 1659 Nam
1114 1638 1239 1669 pagana
1265 1629 1382 1664 fuerat.

866 1711 928 1746 4b.
966 1713 1105 1746 visitata
1130 1716 1264 1755 respuit,

961 1762 1098 1793 Incitata
1124 1764 1230 1794 renuit

1005 1809 1168 1841 Idolorum
1194 1811 1332 1844 latriam.

861 1894 924 1926 5b.
961 1895 1152 1928 Consolatur

955 1943 997 1974 Et
1023 1943 1171 1975 bortatur

1001 1992 1054 2022 Ad
1081 1991 1241 2032 baptisma

1001 2039 1046 2070 Et
1067 2039 1108 2071 ad
1135 2040 1274 2072 chn'sma

1051 2087 1188 2129 Puellas,
1217 2098 1295 2128 quas
1322 2095 1466 2124 noverat.

862 2171 924 2203 6b.
961 2171 1143 2205 Christiana
1168 2175 1295 2207 nomine

956 2219 1079 2252 Nomen
1105 2221 1166 2253 hoc
1191 2223 1344 2263 regimine

998 2267 1053 2300 Sui
1079 2270 1219 2310 complet
1243 2273 1362 2312 operis.

859 2353 920 2386 7b.
958 2354 1099 2387 Hortans
1129 2356 1186 2388 has
1212 2359 1297 2390 omni
1323 2360 1403 2399 zelo,

1000 2402 1046 2435 Ut
1071 2405 1205 2436 credant
1233 2406 1301 2438 Deo
1328 2417 1415 2448 vero,

1042 2452 1142 2492 Quem
1167 2454 1300 2487 silenter
1331 2457 1440 2491 coluit.
