1655 2713
747 150 1005 185 —216-

578 252 647 282 240.
688 252 722 282 ln
744 252 967 284 Translatione
988 261 1013 284 s.
1033 253 1171 285 Martini.

221 339 280 372 la.
311 340 399 372 Hace
425 340 497 372 festi
525 342 697 381 duplicatio

314 387 443 427 Duplici
469 389 564 428 digna
590 389 706 429 gaudio

362 436 530 476 Duplicem
558 437 674 469 reddat
697 437 840 481 iubilum‚

215 531 276 563 22.
308 531 441 562 Martini
467 532 628 563 ordinatio

357 578 419 610 Dat
446 580 595 618 generale
620 581 779 623 gaudium,

310 625 372 657 Sed
399 628 542 667 corporis
569 629 737 660 translatio

358 674 524 706 Turonicis
550 676 721 717 solacium

215 770 274 801 3a.
305 770 397 808 Quod
424 771 451 801 ei
478 771 673 810 pontificium

306 816 394 848 Deus
421 818 556 857 dederit,
584 821 720 852 omnium

356 865 496 897 Concors
521 868 636 906 probat
663 868 776 900 electio

208 961 228 992 4
244 970 273 992 a.
304 961 393 1000 Quod
420 972 438 992 a
464 966 573 994 sancto
600 969 754 1003 perpetuo

307 1007 394 1039 Nutu
419 1009 478 1040 Dei
506 1011 673 1042 translatio

352 1055 451 1088 Facta
478 1057 573 1089 fuerit
598 1059 657 1089 hac
684 1060 745 1097 die,

207 1151 264 1182 5a.
299 1151 400 1182 Huius
424 1152 521 1191 igitur
546 1157 609 1184 tam
636 1155 707 1185 miri

299 1199 494 1230 Attollentes
520 1200 630 1232 laudes
659 1202 717 1233 viri

348 1247 454 1285 Ipsum
483 1248 595 1279 devote
621 1259 798 1290 precemur,

277 1321 358 1347 Miss.
382 1322 537 1350 Briocense
566 1325 633 1359 imp.
656 1325 830 1361 Rothomagi
859 1336 881 1353 s.

203 1358 272 1393 imp.
292 1359 466 1395 Rothomagi
491 1360 570 1388 1503.
593 1363 624 1388 B.

908 343 968 376 lb.
1001 344 1046 377 Ut
1072 345 1215 377 cordium
1243 346 1371 379 devotio

1000 392 1044 424 Et
1071 402 1183 424 vocum
1210 396 1414 435 concrepatio

1047 440 1215 480 Duplicem
1247 446 1350 483 tergat
1376 443 1534 478 nubilum.

903 535 965 568 2b.
997 536 1124 575 Verum⁷
1152 539 1179 568 si
1206 539 1247 569 sit
1274 539 1402 571 devotio

1044 584 1184 616 Humilis
1210 587 1450 630 postulantium,

999 632 1128 664 Cunctis
1154 633 1247 665 adest
1273 634 1426 676 suffragio

1043 681 1180 712 Virtutis
1207 682 1423 722 participium.

899 775 963 808 3b.
997 776 1039 807 Et
1066 777 1170 808 insani
1197 777 1375 810 defensoris

994 823 1106 856 Subita
1132 834 1209 856 voce
1236 826 1365 858 lectoris

1041 873 1141 904 Irrisa
1165 875 1387 908 contradictio.

896 966 962 999 4b.
993 967 1101 999 Virtus
1127 969 1246 1002 caelica
1272 975 1418 1013 testatur,

990 1016 1075 1055 Quae
1097 1018 1250 1049 attonitos
1278 1019 1423 1051 hortatur

1039 1063 1104 1094 Sub
1129 1064 1255 1096 abbatis
1281 1065 1396 1107 effigie.

893 1156 957 1190 5b.
988 1158 1031 1190 Ut
1058 1159 1197 1191 moribus
1223 1161 1362 1193 ordinati

986 1205 1027 1237 Et
1052 1216 1069 1237 a
1097 1207 1183 1238 vitiis
1209 1209 1356 1241 translati

1031 1253 1108 1285 Cum
1135 1255 1272 1287 Domino
1298 1258 1483 1297 gloriemur.

903 1336 929 1354 a.
950 1326 1076 1359 (15022.
1099 1330 1131 1356 A.
1156 1332 1294 1358 —Misa
1316 1333 1518 1363 Maeloviense

631 1455 692 1485 241.
734 1457 775 1487 De
797 1459 906 1488 sancto
929 1459 1078 1491 Materno.

205 1540 261 1572 la.
293 1540 415 1572 Laudet
443 1542 543 1574 Deum
570 1544 770 1584 salvatorem,

295 1588 555 1629 Triumphautem
583 1596 613 1622 et
640 1597 785 1635 tutorem,

339 1637 483 1669 Militans
510 1639 653 1672 ecclesia.

196 1731 256 1763 2a.
288 1732 458 1763 Praestuns
497 1743 620 1773 quoque
658 1743 716 1774 per
749 1736 817 1768 Ma-

535 1786 658 1813 ternum

288 1827 355 1858 Iter
381 1836 488 1859 verum
517 1833 547 1859 et
573 1839 743 1869 supernum

334 1875 425 1906 Aeva
451 1876 491 1907 ad
518 1877 646 1910 solacia.

193 1970 252 2002 3a.
283 1970 448 2002 Maternus
475 1981 512 2002 ac
539 1973 696 2012 Valerius,

288 2017 330 2048 Hi
357 2018 419 2050 duo
445 2023 475 2050 et
500 2020 679 2052 Eucharius

333 2065 435 2098 Erant
460 2067 492 2098 in
517 2068 647 2100 Alsacia

188 2156 247 2188 4a.
277 2157 496 2197 Quadraginta
520 2162 594 2190 tunc
622 2160 733 2193 diebus

279 2204 329 2236 Ex
355 2205 500 2237 humanis
526 2205 586 2238 fuit
613 2208 706 2240 rebus

327 2253 413 2285 Mira
437 2254 498 2286 Dei
524 2256 637 2295 gratia⁷

186 2344 245 2375 5a.
276 2344 336 2382 Qui
362 2353 380 2376 a
406 2344 474 2378 Deo
500 2347 546 2377 sic
570 2351 698 2380 renatus

277 2391 369 2424 Trini
394 2394 498 2434 gregis
524 2394 560 2426 fit
585 2395 748 2435 praelatus

326 2440 485 2474 Resecans
511 2443 650 2485 zizania;

886 1549 901 1580 1
920 1548 949 1582 b.
981 1549 1081 1581 Nobis
1109 1552 1200 1583 dedit
1228 1553 1479 1598 fundamentum,

979 1598 1046 1636 Quo
1071 1609 1134 1631 non
1160 1601 1260 1632 maius
1279 1607 1326 1633 est
1344 1603 1511 1636 inventum

1024 1646 1152 1678 Ducens
1178 1649 1220 1680 ad
1247 1650 1408 1693 caelestia,

879 1739 898 1771 2
914 1738 944 1771 b.
975 1742 1008 1773 Is
1031 1750 1049 1772 a
1075 1743 1171 1774 Petro
1197 1744 1312 1777 missus
1338 1748 1481 1789 praesul,

973 1789 1032 1820 Cui
1059 1798 1162 1822 comes
1189 1791 1282 1824 binus
1309 1795 1430 1835 consul,

1021 1836 1121 1869 Nobis
1148 1847 1187 1870 ex
1215 1840 1319 1875 Italia.

876 1977 938 2010 3b.
971 1979 1111 2012 Verbum
1139 1982 1200 2014 Dei
1227 1985 1430 2027 seminantes,

970 2026 1034 2059 Sed
1059 2029 1241 2062 Maternum
1268 2039 1478 2074 aggravantes

1018 2075 1139 2109 Febres
1166 2083 1197 2110 et
1223 2080 1335 2121 elogia.

873 2164 938 2198 4b.
970 2166 1034 2199 Sed
1061 2177 1080 2199 a
1104 2174 1206 2202 morte
1233 2178 1410 2215 revocatus,

969 2214 1172 2258 Populusque
1199 2220 1404 2254 confirmatus

1015 2264 1086 2296 Iesu
1112 2274 1151 2297 ex
1179 2267 1359 2303 clementia.

870 2351 932 2384 5b.
965 2353 1027 2386 Hic
1052 2359 1099 2387 tot
1125 2358 1216 2390 annis
1243 2361 1464 2399 praesidebat.

965 2402 1050 2442 Quot
1076 2403 1188 2437 diebus
1216 2408 1395 2442 dormiebat

1012 2452 1125 2484 Iacens
1151 2454 1184 2485 in
1211 2456 1324 2497 elogia.
