1655 2713
227 273 278 301 Ga.
305 275 382 300 Dum
403 275 469 308 quis
491 274 597 308 piscem
621 274 773 305 inescaret,

301 311 393 338 Infixa
415 313 498 346 spina
520 311 658 342 turbaret,

339 351 413 376 Ante
434 353 564 375 sunctum
587 349 710 375 ducitur.

224 406 276 434 Ta.
302 407 421 433 Praesul
445 407 523 433 iubet
545 407 619 433 hunc
641 410 746 438 astare,

302 446 379 471 Deos
401 453 493 470 vanos
515 445 644 475 adorare,

339 488 417 516 Quos
439 483 509 509 colit
529 484 689 517 gentilitas.

224 542 273 567 fla.
300 540 445 566 Atrociter
466 538 619 571 cruciatur,

299 578 408 604 Eculeo
430 578 607 610 sublevatur,

337 617 424 642 Duris
447 616 516 642 loris
539 618 708 652 stringitum

222 671 273 699 Sa.
299 674 333 699 In
357 674 506 708 profundis
527 676 693 710 gurgitibus

299 712 428 738 Membra
450 716 598 747 exponunt
619 714 764 742 fluctibus,

338 751 437 785 Neque
459 756 554 777 tamen
578 753 724 785 mergitur.

249 815 270 832 ⁸.
296 808 397 834 Lictor
418 809 547 834 vibravit
569 818 745 841 mucronem,

298 846 403 872 Statim
425 846 525 872 effudit
546 856 677 873 cruorem

336 884 480 910 Salutaris
503 886 632 911 victima.

827 175 897 210 312
947 195 993 201 -

910 269 964 299 6b.
990 271 1203 298 Semimortuus
1225 271 1342 303 iacitur,

987 310 1091 336 Morbo
1113 310 1240 344 gutturis
1261 310 1396 342 solvitur,

1026 348 1104 375 Puer
1124 356 1213 374 sanus
1235 348 1375 375 redditur.

910 405 926 433 7
939 406 966 433 b.
992 405 1166 433 constanter
1189 406 1259 433 deos
1280 407 1401 442 respuit,

989 445 1091 479 Neque
1113 444 1196 470 illum
1221 444 1363 472 deterruit

1026 483 1191 510 Poenarum
1213 483 1368 510 acerbitas.

912 539 964 568 8b.
991 541 1048 567 Sed
1071 541 1172 567 ferreis
1194 541 1360 576 pectinibus

988 579 1027 606 Et
1049 580 1162 614 asperis
1183 579 1354 606 verberibus

1025 618 1138 653 Corpus
1160 618 1222 643 eius
1243 618 1354 644 feritur.

911 674 964 703 9b.
991 676 1081 711 Sig-no
1103 676 1196 701 erucis
1219 676 1315 710 signat
1339 679 1483 711 stagnum,

989 714 1073 747 Aqua
1095 714 1206 744 stabam
1231 714 1339 740 facturn
1361 722 1508 749 magnum,

1026 753 1128 778 Virtus
1149 753 1205 779 Dei
1227 753 1366 779 noscitur.

890 808 924 837 10
933 811 959 837 b.
985 810 1057 836 Cum
1078 810 1192 836 dnobus
1215 810 1376 836 infantibus

983 849 1174 875 Detruncatis
1195 848 1343 883 capitibus

1023 886 1105 913 Felix
1127 886 1241 913 scandit
1263 888 1370 913 anima.

623 1005 691 1035 342.
733 1006 774 1037 De
796 1008 906 1038 saneta
927 1006 1072 1038 Caecilia.

230 1083 285 1115 la.
319 1083 441 1121 Gaude,
471 1083 555 1123 Sion,
583 1089 613 1115 et
639 1086 770 1125 laetare,

324 1130 455 1168 Plaude,
483 1131 586 1173 turba,
614 1133 788 1165 iucundare

368 1178 519 1209 Sollemni
546 1179 678 1212 laetitia.

227 1297 289 1328 22.
322 1296 418 1335 Virgo
444 1299 567 1336 peccati
593 1300 701 1330 nescia

322 1343 432 1383 Neque
459 1346 588 1376 sceleris
615 1348 741 1378 conscia

368 1390 497 1431 Refugit
523 1393 708 1435 libidinemg

227 1473 245 1504 3
259 1481 286 1501 a.
319 1472 466 1511 Pulchra,
482 1474 621 1512 prudens
637 1479 666 1506 et
677 1476 823 1517 illustris,

322 1518 493 1557 Generosa,
522 1523 715 1560 percelebris

369 1567 478 1598 Nobili
503 1571 663 1609 prosapia.

225 1648 285 1678 4a.
318 1648 412 1679 Horis
439 1650 614 1689 scripturas
641 1652 762 1684 diurnis

320 1695 418 1727 Simul
445 1698 538 1728 etiam
564 1701 727 1731 nocturnis

365 1743 504 1775 Gerebat
531 1746 563 1777 in
589 1751 728 1790 pectore,

223 1824 280 1855 5a.
314 1824 422 1864 Nupta
450 1827 533 1856 venit

362 1873 395 1903 in
420 1873 579 1912 publicum

317 1919 409 1951 quta
439 1929 564 1952 carnem

362 1967 480 1999 habens
506 1970 653 2009 cilicium,

317 2014 446 2047 Nullum
473 2026 627 2056 quaerens

364 2068 451 2095 extra
478 2065 648 2107 solacium;

222 2145 281 2175 ὅθι.
312 2145 446 2184 Organis
473 2147 673 2179 cantantibus

316 2193 421 2232 Atque
446 2195 693 2235 modulantibus,

315 2240 387 2272 Una
412 2251 472 2273 vox
499 2243 725 2284 psallentibus,

359 2289 404 2321 Ut
429 2290 535 2322 verbis
561 2295 652 2324 utar:

224 2369 282 2402 7a.
315 2371 415 2402 Vacat
441 2372 510 2404 Deo
535 2382 661 2413 semper
686 2383 791 2414 oranS,

317 2418 412 2451 Cuius
423 2429 538 2460 corpus
547 2422 670 2461 pallore
680 2423 858 2466 tabescens,

361 2467 403 2498 Et
429 2468 475 2499 sic
501 2469 600 2502 hostis
627 2471 802 2514 evincitur3

912 1088 928 1119 1
943 1087 974 1120 b.
1006 1087 1131 1118 Gaudet
1150 1088 1285 1118 mundus
1304 1089 1454 1120 mundam
1470 1089 1515 1120 vi-

1286 1136 1375 1168 dens

1003 1183 1089 1220 Quae
1114 1182 1278 1213 immunda
1303 1183 1445 1215 abiciens

1053 1230 1209 1269 Repletur
1235 1231 1402 1264 munditia.

911 1301 972 1334 21).
1004 1302 1102 1340 Quam
1130 1302 1242 1333 videns
1270 1303 1471 1343 Valerianus,

1003 1349 1114 1380 Mente
1140 1354 1252 1388 captus
1279 1354 1313 1381 ut
1337 1351 1478 1389 insanus,

1051 1398 1147 1428 Amat
1174 1398 1458 1437 pulchritudinem.

911 1477 971 1510 3b.
1003 1478 1053 1509 Ex
1091 1487 1246 1510 consensu
1277 1478 1311 1510 fit
1339 1479 1515 1521 amborum,

1007 1525 1060 1557 Sic
1085 1526 1231 1557 voluntas
1258 1531 1305 1557 est
1331 1531 1513 1566 parentum,

1052 1573 1219 1605 Duxerunt
1247 1575 1428 1607 conubium.

913 1654 973 1686 4b.
1006 1654 1073 1686 Nec
1099 1665 1116 1686 a
1143 1656 1292 1694 precibus
1319 1658 1458 1690 assiduis

1007 1702 1074 1733 Nec
1101 1704 1246 1735 cessabat
1273 1714 1291 1736 a
1317 1705 1445 1748 divinis,

1056 1750 1137 1781 Tota
1164 1756 1256 1791 rapta
1282 1753 1314 1784 in
1341 1763 1458 1787 amore.

909 1831 969 1863 5b.
1002 1832 1105 1863 Extra
1130 1836 1235 1863 tamen

1048 1881 1169 1911 auratis
1195 1880 1337 1912 vestibus

1002 1927 1091 1959 Haec
1116 1927 1246 1969 incedit,

1050 1979 1177 2014 compta
1202 1976 1384 2017 monilibus,

999 2022 1211 2055 Dissimulans

1049 2071 1218 2102 humanum
1244 2073 1405 2112 gaudium.

997 2151 1071 2183 Fiat
1097 2161 1152 2184 cor
1177 2154 1329 2186 mundum

999 2199 1043 2231 Et
1068 2209 1183 2240 corpus
1209 2211 1333 2241 purum,

1000 2248 1253 2287 Immaculatam,

1050 2296 1094 2329 Ut
1119 2306 1181 2329 non
1209 2299 1398 2332 confundar.

904 2151 966 2185 6b.

911 2377 971 2411 7b.
1003 2378 1134 2410 Ieiuniis
1160 2378 1309 2413 biduanis

1001 2425 1070 2458 Nec
1094 2436 1157 2459 non
1182 2428 1286 2461 minus
1312 2431 1472 2466 triduanis

1047 2474 1127 2507 Eius
1154 2485 1270 2517 corpus
1294 2481 1454 2515 atteritur.
