1655 2713
690 157 952 193 -117—

603 249 667 281 122.
708 250 753 282 De
774 253 883 284 sancto
904 252 1022 294 Eligio.

177 321 194 354 1
211 331 239 355 a.
271 322 420 355 Electum
447 324 588 366 Eligium

271 371 401 404 Laudet
427 372 487 404 hoc
514 374 695 414 collegium,

275 419 349 453 Una
375 429 436 452 vox
464 421 507 453 ad
533 422 644 462 ligium

319 468 469 500 Omnium
497 471 677 511 pandatur,

175 550 237 582 2a.
268 549 459 582 Lemovicas
485 552 594 591 patria

270 597 348 629 Fuit
375 598 460 638 huic,
487 609 580 639 quem
609 599 715 632 Gallia

270 645 421 678 Doctoris
448 648 568 687 peritia

318 694 462 727 Fabrum
490 694 568 727 fecit
595 697 674 728 auri.

175 776 194 808 3
211 784 240 808 a.
272 775 402 808 Cubans
428 777 461 808 in
488 777 594 809 cilicio

270 824 395 856 Didicit
419 825 452 856 in
479 826 613 867 somnio,

270 871 334 904 Sua
359 873 444 912 quod
471 872 606 905 afflictio

315 920 385 952 Deo
411 919 447 952 fit.
473 925 618 962 accepta.

172 1001 232 1032 4a.
267 1000 328 1031 Hic
354 1010 389 1032 se
414 1011 474 1042 pro
500 1002 697 1042 pauperibus

268 1049 418 1089 Spolians
443 1048 639 1092 foeneribus,

266 1097 398 1128 Inhians
423 1097 575 1137 operibus

313 1145 454 1185 Regibus
480 1144 515 1177 fit
542 1150 663 1189 gratuS,

170 1227 229 1259 5a.
261 1226 456 1259 Tricentena
482 1228 589 1260 contio

267 1275 432 1315 virginum
460 1276 614 1308 coenobio

264 1323 370 1355 Datur
394 1323 434 1356 ab
461 1324 568 1364 Eligio

311 1371 405 1403 Miris
432 1377 641 1413 coruscante;

165 1453 224 1485 6³.
256 1453 430 1494 Erogando
456 1456 622 1494 proprium

264 1502 387 1533 Vacuat
410 1504 619 1545 marsupium,

263 1550 354 1588 Quod
390 1559 489 1591 super
519 1551 603 1583 hunc
634 1552 776 1584 nescium

308 1598 427 1638 Replet
452 1602 544 1631 actor
569 1600 660 1634 lucis.

130 1715 133 1717 μ
168 1680 226 1713 7a.
260 1680 355 1712 Miris
381 1685 427 1713 tot
455 1682 633 1722 extollitur,

262 1728 394 1761 claudis
420 1739 549 1770 gressus
576 1731 736 1773 redditur,

260 1777 424 1817 Paralysis
451 1779 577 1811 tollitur

305 1825 385 1858 Eius
410 1835 508 1868 prece
534 1837 634 1869 pura;

163 1907 222 1939 8a.
258 1906 468 1949 Praefulgens
496 1910 640 1943 Parisius

257 1955 357 1989 Sacer
382 1957 435 1989 hic
460 1957 586 1999 Eligius

258 2004 391 2038 Praesul
418 2010 466 2038 est
492 2007 638 2047 eximius,

303 2053 384 2086 Post
409 2054 646 2091 Noviomensis.

157 2135 218 2167 9³.
252 2135 338 2167 Vivit
365 2137 575 2170 aeternaliter

250 2183 432 2225 Exspirans
457 2186 644 2227 carnaliter,

256 2231 336 2273 Scit,
362 2233 431 2265 eius
456 2234 508 2274 qui
536 2235 686 2275 nequiter

301 2280 457 2314 Tumbam
485 2282 736 2324 blasphemavit.

209 2361 293 2389 Miss.
325 2362 496 2391 Morineuse
530 2365 601 2401 imp.
634 2365 793 2403 Rotomagi
825 2365 908 2394 1516.
940 2367 975 2395 A.
1006 2381 1044 2387 —
1075 2367 1159 2395 Miss.
1190 2368 1361 2397 Morinense
1399 2370 1469 2407 imp.

132 2398 312 2438 Rothomagi
335 2399 417 2430 1518.
439 2403 474 2430 Β.
494 2418 534 2423 —
553 2404 637 2432 Miss.
659 2405 831 2433 Morinense
853 2407 923 2442 imp.
944 2406 1125 2442 Rothomagi
1148 2405 1232 2435 1523.
1254 2408 1286 2435 C.
1308 2423 1345 2428 —
1369 2408 1427 2443 la,
1453 2409 1465 2437 1

130 2437 288 2467 Deiectum
312 2439 372 2468 Bc.
398 2456 437 2461 -—
455 2440 517 2476 42.
544 2440 564 2470 2
588 2442 758 2472 foederibus
786 2444 846 2472 BC.
875 2461 911 2465 —
931 2443 994 2477 6b,
1031 2444 1043 2472 1
1074 2445 1151 2473 hunc
1180 2445 1265 2474 ABC.
1297 2461 1332 2465 —
1355 2446 1417 2481 Gb.
1447 2448 1465 2477 3

131 2475 293 2514 plurimum
313 2479 373 2508 Bc.
394 2494 433 2500 —
452 2479 508 2514 7³,
526 2478 546 2509 3
566 2481 730 2518 Paralysus
751 2482 836 2511 ABG.

874 328 935 362 1b.
971 330 1031 369 Qui
1058 330 1171 362 matris
1197 331 1229 362 in
1255 332 1410 371 gremium

969 378 1106 418 Aquilae
1132 387 1191 419 per
1217 380 1364 412 nuntium

969 426 1107 467 Magnus
1133 426 1175 458 ad
1201 427 1388 468 obsequium

1017 474 1137 506 Christi
1164 476 1339 511 nuntiatur.

875 553 939 587 2b.
970 555 1049 588 Mox
1076 557 1160 596 regis
1186 557 1218 589 in
1246 559 1334 590 curia

969 602 1124 635 Fabricat
1150 605 1268 638 eximia

967 651 1060 683 Prius
1085 653 1126 684 ad
1154 653 1308 694 obsequia

1014 699 1165 732 custodis
1191 702 1346 736 thesauri.

872 779 936 812 3b.
968 780 1019 812 Ab
1047 782 1114 812 eius
1142 792 1214 814 nam
1241 784 1341 824 pallio

967 828 1108 861 Balsami
1136 829 1280 869 perfusio

965 875 1114 917 Fiagrat,
1142 887 1222 917 quae
1249 881 1403 919 mysterio

1013 924 1116 964 Caput
1144 930 1191 957 est
1219 927 1349 968 adepta.

868 1004 930 1037 4b.
962 1006 1150 1046 Horamque
1177 1008 1363 1040 muneribus

962 1053 1148 1086 Fabricatis
1176 1055 1324 1088 domibus

962 1101 1140 1134 Monachos
1169 1103 1327 1136 reditibus

1009 1149 1102 1183 Ditat
1129 1151 1178 1182 vir
1203 1157 1359 1185 sacratus.

865 1230 926 1263 5b.
959 1232 1062 1264 Adest
1091 1242 1162 1264 nam
1192 1235 1358 1274 praesidio

960 1279 1023 1312 Suo
1050 1283 1253 1324 monasterio,

959 1328 1008 1359 Ne
1036 1329 1130 1361 detur
1155 1330 1306 1363 incendio

1008 1376 1155 1409 Flamma
1182 1379 1422 1413 circumstante.

863 1457 928 1490 6b.
965 1457 1142 1491 Cotilorum
1171 1460 1222 1492 hic
1250 1462 1346 1493 trium

959 1506 1041 1538 Vino
1067 1508 1244 1540 sitientium

959 1554 1050 1586 Sitim
1078 1557 1171 1588 sedat
1196 1557 1336 1597 plurium

1006 1602 1105 1643 Signo
1132 1603 1220 1637 sacto
1247 1607 1363 1641 crucis,

862 1684 923 1717 7b.
956 1685 1050 1718 Vitae
1076 1687 1260 1720 restituitur

955 1735 1116 1774 Mortuus,
1144 1737 1297 1768 attexitur

951 1782 1096 1815 Daemon
1124 1787 1156 1815 et
1182 1785 1299 1817 eicitur

1002 1831 1171 1864 Praedixit
1200 1831 1318 1868 futura.

858 1912 921 1946 8b.
953 1913 1094 1945 Pudicus
1121 1919 1153 1946 et
1177 1915 1316 1955 sobrius,

955 1962 1115 2002 Prudens,
1142 1963 1282 2006 humilis,
1308 1966 1381 2006 pius

952 2010 1129 2044 Audoenus
1155 2013 1262 2045 socius

1000 2059 1054 2091 Fit
1079 2060 1336 2101 Rotomagensis.

856 2139 918 2173 9b.
951 2140 1029 2173 Oret
1056 2150 1131 2182 ergo
1157 2142 1285 2183 iugiter,

951 2189 995 2221 Et
1022 2190 1279 2223 misericorditer

949 2236 1051 2270 Nobis
1078 2244 1255 2279 praeparet
1281 2240 1354 2281 iter,

1001 2285 1109 2319 Morte
1134 2288 1188 2327 qui
1215 2297 1273 2319 nos
1299 2288 1390 2322 lavit.
