1655 2713
695 166 958 201 —219—

552 262 585 295 8.
612 262 655 294 Hi
681 271 740 304 pro
765 263 856 295 nobis
879 263 1093 305 intercedant,

661 311 705 343 Et
730 310 860 343 Christo
886 312 933 343 sit
958 312 1073 352 gloria,

660 359 719 399 Qui
747 363 860 399 regnat
888 360 920 391 in
947 361 1086 393 saecula.

236 439 320 466 Miss.
342 440 535 470 Xantonense
558 445 626 479 imp.
651 445 776 472 Parisiis
799 443 882 473 1491.
903 446 938 473 A.
954 460 990 464 —
1013 446 1097 473 Miss.
1114 447 1272 473 Briocense
1294 446 1333 472 im
1346 454 1363 471 1.
1378 444 1489 472 Rotho-

157 478 236 513 magi
266 486 288 503 s·
317 486 343 505 a.
371 476 503 516 [150222J.
533 483 562 508 B.
591 495 628 500 --
660 484 744 510 Μὶεε.
765 483 967 511 Maeloviense
996 486 1065 520 imp.
1088 483 1264 520 Rothomagi
1294 483 1328 511 15
1349 482 1376 510 3.
1398 484 1431 510 C.
1453 497 1490 501 —-

156 513 211 548 31),
233 515 250 543 5
266 517 445 552 Regnabant
459 520 494 545 Α.
510 534 545 538 -
568 519 618 553 7a,
642 519 660 547 3

682 521 762 548 iubet
778 522 862 549 Assc.
878 537 913 542 -—-
935 521 952 549 7
966 523 992 556 l»,
1015 522 1032 549 3
1046 523 1087 550 Et
1102 523 1137 550 ad
1153 531 1279 558 superna
1295 522 1441 549 duxerunt
1455 522 1488 549 Α.

494 641 563 674 244.
596 642 628 673 In
652 642 874 674 Translatione
896 652 937 674 δε.
963 644 1152 675 Maurorum.

159 718 217 750 la.
249 718 397 751 Militans
424 721 563 753 ecclesia

252 767 403 808 Concipit
428 769 461 800 in
488 770 592 808 gratia

304 815 444 856 Prolem,
472 826 565 857 quam
594 826 652 857 per
681 818 778 850 nimia

157 903 219 935 2³.
254 902 330 934 Post
357 907 485 943 partum
512 913 573 936 non
600 905 743 936 meminit

255 951 442 991 Pressurae,
470 961 551 992 quae
578 953 707 993 desinit,

300 999 345 1031 Et
371 1000 466 1031 dolor
491 1001 672 1032 maestitiae

157 1087 217 1119 3a.
249 1086 436 1126 Christiani,
465 1088 612 1127 quoniam

256 1134 420 1174 Spernunt
445 1135 642 1177 idolatriam,

303 1183 431 1215 Cadunt
457 1184 522 1215 ictu
548 1184 661 1225 gladii,

160 1272 220 1304 4a.
252 1270 400 1311 Laetare,
426 1270 559 1303 Colonia

252 1318 380 1357 Sancta,
408 1319 497 1350 cuius
524 1319 649 1351 moenia

302 1366 479 1399 Sacrarunt
504 1368 660 1408 martyrio

157 1454 217 1487 5a.
249 1453 389 1493 Quorum
413 1453 603 1486 intercessio

252 1501 320 1533 Nos
345 1506 461 1542 purget
487 1512 505 1534 a
532 1503 629 1540 vitio;

301 1549 401 1582 Sacro
427 1550 581 1582 claudens
607 1551 695 1582 exitu

860 722 919 755 lb.
953 723 1197 756 Tormentorum
1226 733 1342 763 genera

954 771 1061 803 Veluti
1089 782 1247 812 puerpera

1002 820 1091 852 Parit
1117 821 1147 851 in
1176 821 1318 853 tristitia.

856 905 920 939 2b.
952 906 1099 938 Mutatur
1124 908 1155 938 in
1183 908 1345 947 gaudium,

952 955 1045 993 Quod
1072 955 1102 985 in
1131 961 1223 986 coetu
1251 956 1365 986 civium

1002 1004 1093 1034 Patet
1119 1003 1345 1037 Mauritaniae.

858 1088 922 1120 3b.
956 1089 1106 1120 Serentcs
1133 1090 1163 1120 in
1192 1090 1333 1121 lacrimis

951 1136 992 1168 Et
1019 1139 1180 1177 pressuris
1206 1139 1353 1178 plurimis

1000 1186 1127 1218 Metunt
1155 1186 1293 1218 fructum
1322 1187 1442 1227 gandii.

854 1272 918 1304 4b.
954 1273 1018 1305 Pro
1045 1273 1107 1304 tide
1135 1273 1303 1310 catholica.

951 1321 1034 1352 Dum
1064 1321 1294 1353 Maximianica

998 1369 1105 1401 Saevit
1134 1371 1328 1409 persecutio.

855 1455 917 1489 5b.
949 1455 1139 1488 Maurorum
1167 1457 1319 1488 memoria

952 1504 1056 1543 Patri,
1084 1505 1178 1544 proli,
1207 1506 1308 1544 gloria

997 1552 1045 1584 Sit
1073 1561 1141 1583 cum
1169 1557 1279 1584 sancto
1311 1553 1436 1593 spiritu.

232 1635 322 1664 Grad.
345 1644 395 1662 ms.
419 1635 447 1663 S.
471 1635 616 1663 Gen-ermis
639 1637 829 1664 Coloniensis
852 1639 921 1664 anni
947 1636 1028 1664 1424.
1053 1638 1121 1665 Cod.
1144 1639 1220 1665 Mus.
1244 1638 1380 1674 Archiep.
1398 1639 1485 1665 Colo-

152 1675 231 1702 nien.
253 1675 295 1702 VI
323 1673 349 1702 5.
371 1678 405 1702 A.
427 1689 465 1693 —
485 1675 569 1702 Miss.
598 1685 650 1702 mS.
673 1678 703 1703 S.
724 1676 878 1704 Cuniherti
901 1677 1087 1704 Coloniensis
1121 1686 1196 1704 saec.
1222 1676 1266 1704 15.
1289 1678 1358 1704 Cod.
1381 1678 1485 1704 Dat-m-

154 1713 280 1740 stadien.
301 1710 366 1741 837.
389 1715 413 1741 B
448 1730 481 1733 —
506 1715 589 1741 Miss.
611 1715 863 1742 mn.Be1isianum
886 1724 961 1742 saec,
987 1715 1029 1742 15.
1045 1716 1299 1743 Cod.15ruxellen.
1321 1714 1485 1743 9786—90.

153 1753 186 1780 C.
208 1767 244 1772 —
269 1751 320 1785 lb,
342 1750 360 1779 2
381 1761 529 1788 pulpul'ea
551 1754 582 1780 C.
605 1767 641 1772 -
663 1752 715 1786 4a,
737 1751 755 1781 3
776 1754 930 1781 Satiarunt
951 1754 982 1781 C.
1005 1769 1040 1772 —
1062 1753 1115 1786 4h,
1137 1753 1154 1781 2
1170 1755 1382 1782 Maximiniaca
1401 1756 1431 1782 B.
1454 1770 1485 1773 ——

152 1790 298 1818 Melodie:
327 1791 419 1818 Veni
450 1795 582 1818 sancte
611 1793 785 1828 spiritus.

587 1916 655 1947 245.
691 1916 732 1947 lle
754 1919 865 1948 sancta
886 1916 1057 1948 lllaxentia.

575 1999 606 2032 1.
633 1999 751 2041 Psalle,
778 1999 833 2040 pia
858 1995 986 2037 contio}

633 2047 771 2080 Sanctae
797 2048 912 2080 mentis
939 2049 1047 2080 studio

682 2096 824 2137 Virginis
851 2097 1031 2129 sollemnia.

155 2183 215 2215 2a.
246 2182 373 2214 Victiix
400 2182 568 2222 patientia,

249 2230 387 2263 Florens
411 2230 571 2271 pudicitia

298 2278 393 2311 Hanc
418 2279 546 2311 ornavit
570 2279 693 2319 gloria3

153 2366 217 2399 3a.
248 2365 379 2399 Pollens
405 2375 482 2407 ergo
507 2366 630 2398 meritis

248 2413 392 2456 Virginis
418 2418 449 2447 et
475 2415 629 2457 martyris

296 2463 416 2496 Miscet
441 2463 523 2496 rosis
548 2463 629 2497 lilia.

849 2183 913 2217 2b.
947 2184 1031 2216 Pura
1059 2185 1265 2219 conscientia,

947 2233 1122 2265 Criminum
1152 2233 1285 2264 victoria

997 2280 1181 2321 Praesulget
1209 2281 1387 2314 Maxentia.

848 2367 910 2400 3b.
943 2368 1090 2400 Chi-istus
1116 2367 1243 2407 palmae
1270 2368 1402 2408 virginis

943 2416 1021 2448 Fusi
1048 2416 1141 2447 simul
1167 2416 1331 2456 sanguinis

992 2464 1178 2506 Duplicavit
1205 2465 1359 2505 praemia.
