1655 2713
683 159 723 164 —
777 139 842 174 191
895 158 942 163 —-

165 233 226 266 8a.
256 232 344 265 Hinc
370 242 442 265 cum
470 235 595 268 victrici
622 236 732 268 laurea
866 236 928 270 8b.
960 235 1055 269 Unde
1081 243 1204 266 summa
1230 235 1353 267 laetitia

261 281 371 314 Intras
398 283 543 322 gaudens
568 284 729 317 aetherea.
962 283 1036 317 Tibi
1064 283 1188 324 plaudit
1216 284 1362 318 ecclesia.

169 364 229 397 9a.
261 362 326 395 Sed
353 363 483 404 plaudit
509 366 683 406 specialius
865 365 928 399 9b.
959 367 1057 406 Quem
1085 365 1239 406 singulari
1267 366 1369 406 gratia

260 411 374 443 Laude
401 412 507 444 clerus
533 420 566 446 et
591 414 741 456 populus,
961 414 1030 446 Tua
1057 412 1145 445 fovet
1171 415 1364 453 praesentia.

571 497 625 528 10.
656 496 840 528 Communis
867 500 915 527 est
941 495 1076 536 laetitia,

652 544 835 576 Communis
862 544 905 575 sit
930 548 960 575 et
987 543 1101 584 gratia.

216 622 300 649 Miss.
331 622 589 662 Magdcburgense
618 626 688 660 imp.
717 625 854 652 Lubecae
887 622 967 651 1480.
991 625 1024 651 A.
1048 639 1081 642 —
1108 625 1191 651 Miss.
1219 625 1474 660 Magdeburgense

139 663 208 697 imp.
235 660 434 697 Magdeburgi
463 660 546 689 1486.
574 664 609 690 Β.
632 678 671 682 -
694 663 775 690 Miss.
798 663 1052 698 Magdeburgense
1079 664 1147 698 imp.
1171 664 1365 699 Magdeburgi
1394 663 1475 691 1497.

139 701 173 728 C.
196 714 232 718 —
253 700 338 727 Miss.
360 700 619 736 Magdeburgeuse
647 703 716 736 imp.
740 702 959 737 Nurembergae
984 700 1066 729 1503.
1090 702 1124 728 D.
1148 717 1182 721 -—
1205 703 1287 729 Miss.
1311 703 1477 730 Mersebur-

140 747 231 805 {ense
252 739 323 774 imp.
344 738 467 774 Lipsiae
492 737 574 767 1502.
596 740 632 767 E.
655 757 687 760 —
714 738 768 772 2a,
797 738 814 767 2
836 740 910 768 caeli
933 740 1047 768 ABCD.
1070 754 1106 758 —
1128 738 1179 770 2a„
1203 739 1220 767 3
1242 741 1328 768 Tanti
1353 742 1414 769 CD.
1439 756 1476 761 —-

165 778 194 811 b,
214 776 233 805 4
254 778 384 805 Dextera
407 778 444 805 D.
460 792 496 797 —
513 777 567 810 4¹),
596 778 606 805 l
631 787 729 806 comes
752 778 782 805 id
804 779 863 811 AB,
887 788 984 806 comes
1006 778 1038 806 fit
1059 780 1095 809 D,
1118 789 1216 806 comes
1238 784 1266 806 et
1284 780 1318 807 E.
1335 794 1370 799 —
1386 780 1437 812 5a,
1462 779 1475 807 l

140 816 166 845 Ο
187 816 261 844 fehlt
280 816 316 843 E.
339 832 374 835 —
397 814 448 848 6b.
474 815 486 843 1
511 817 657 852 perditum
680 817 753 844 fehlt
775 818 810 844 Ε.
833 833 869 837 -
892 816 941 848 73,
967 816 978 844 1
1003 819 1114 845 vertice
1138 819 1172 845 D.
1241 817 1289 849 9³,
1317 818 1328 845 1
1355 819 1477 854 plaudat

140 855 175 883 E.
197 869 234 874 —
255 853 314 888 9a,
341 853 358 882 2
379 855 482 883 Gaude
505 856 564 887 AB,
585 856 703 883 Gaudet
724 856 760 883 Ε.
784 870 821 874 -
843 856 899 884 Str.
928 855 962 884 10
984 856 1078 884 lautet
1105 857 1134 883 in
1157 857 1197 884 E:
1222 858 1256 884 In
1279 862 1405 893 angusta
1428 859 1477 885 via

139 902 240 922 sumus
258 893 263 928 1
280 894 345 921 Tua
366 903 452 930 prece
473 894 571 922 tribue
590 893 595 927 Ι
613 895 654 922 Ut
675 903 741 922 cum
762 895 826 922 Deo
847 904 1012 923 mereamur
1030 896 1034 930 Ι
1053 896 1124 922 Sine
1146 895 1202 922 fine
1228 898 1337 924 vivere.

605 1026 665 1058 212.
710 1027 752 1058 De
775 1029 885 1058 sancta
907 1026 1012 1058 Lucia.

703 1119 734 1151 1.
761 1118 915 1152 Alleluia.

167 1196 227 1227 2a.
258 1193 468 1236 Praefulgida
865 1196 927 1231 2b.
960 1196 1056 1229 Unde
1083 1196 1141 1228 tibi

263 1243 363 1275 dicito
390 1244 577 1285 margarita,
961 1243 1060 1276 facies
1089 1249 1150 1276 tam
1181 1242 1323 1278 decora?

165 1325 224 1358 3a.
257 1325 415 1357 Conditor
441 1331 661 1358 creaturarum
865 1325 927 1359 3b.
958 1326 1052 1358 Hanc
1067 1326 1143 1357 mihi
1159 1327 1314 1358 concessit
1327 1326 1473 1365 formam,

260 1378 375 1406 cuncta
403 1373 595 1407 fabricando
959 1374 1021 1405 sibi
1048 1378 1191 1406 statuens
1220 1379 1282 1405 tam

259 1421 402 1454 formosa
960 1422 1122 1456 decoram.

167 1500 229 1534 4a.
261 1499 359 1532 Cuius
385 1499 480 1531 iussis
506 1499 562 1531 ob·
866 1499 929 1532 4b.
961 1500 1011 1531 Ex
1038 1500 1098 1530 hoc
1125 1500 1233 1539 cupita

261 1548 472 1580 secundando
498 1549 655 1589 speciosa,
965 1548 1128 1588 complens
1155 1548 1224 1580 loca
1251 1547 1448 1579 honoranda.

165 1628 224 1659 5a.
256 1625 392 1657 Adorno
869 1625 931 1657 51).
964 1626 1087 1657 Inserta

262 1682 398 1705 coronas
963 1683 1099 1705 coronas

259 1721 433 1762 possidens
461 1722 644 1754 diademata
964 1721 1069 1753 fulvas
1097 1722 1331 1753 honorabilium

260 1770 360 1810 regia.
962 1775 1106 1811 pectora.

166 1851 229 1883 63.
259 1848 426 1881 Pertinaci
451 1846 559 1880 ferens
869 1848 932 1882 6b.
966 1848 1057 1880 Colla
1083 1847 1269 1888 pontificum

260 1905 360 1937 grave
386 1897 493 1929 cordis
961 1897 1102 1928 vestiens

260 1945 393 1978 honoris
419 1945 540 1986 inopia,
963 1945 1120 1985 pectorali
1148 1944 1258 1977 fascia.

168 2025 224 2058 7a.
257 2023 442 2056 Praetendo
468 2022 604 2064 figuram
867 2023 926 2056 7b.
959 2023 1012 2055 Ad
1040 2024 1124 2055 vitae
1151 2023 1300 2055 caelestis

260 2072 402 2105 sollicita
964 2071 1082 2105 felicia.

594 2148 626 2181 8.
654 2148 753 2180 Cuius
778 2148 864 2180 cives

654 2197 754 2229 simus
778 2197 810 2228 in
833 2197 972 2232 saecula.

217 2275 307 2311 Trop.
335 2283 390 2302 ms.
425 2274 610 2302 Nivemense
637 2281 716 2300 saec.
746 2271 790 2300 11.
819 2272 889 2300 Cod.
918 2274 1047 2301 Pax-isin.
1075 2271 1158 2300 9449.
1188 2272 1221 2299 Α.
1244 2286 1280 2290 -
1302 2271 1422 2307 Antiph.
1453 2274 1481 2298 et

141 2313 232 2342 Grad.
252 2322 306 2341 ms.
329 2313 517 2341 Nivemense
541 2321 618 2340 saec.
643 2310 687 2339 12.
710 2311 783 2339 eod.
805 2312 932 2340 Parisin.
954 2312 1051 2339 Nouv.
1074 2320 1137 2347 aeq.
1164 2310 1244 2338 1235.
1268 2311 1300 2337 B.
1322 2325 1359 2328 —
1381 2308 1439 2340 21],
1465 2309 1477 2336 l

141 2353 236 2381 facias
255 2353 317 2380 AB.
338 2366 377 2371 —
398 2351 461 2385 3b,
487 2349 506 2379 3
525 2351 661 2379 decorem
683 2350 743 2378 ΑΒ.
767 2365 804 2369 —
824 2349 883 2383 412,
914 2350 928 2378 1
950 2351 1143 2386 Exoccupata
1165 2350 1225 2377 AB.
1248 2365 1282 2368 —
1306 2348 1356 2381 5a,
1378 2347 1396 2375 3
1417 2348 1478 2376 dia-

141 2391 257 2420 demate
272 2392 308 2420 A.
321 2405 359 2410 —
373 2390 429 2425 51³,
450 2389 468 2418 2
484 2399 630 2419 coronans
645 2390 678 2417 A.
695 2405 733 2409 —
747 2388 800 2423 5b,
820 2388 839 2417 4
857 2393 993 2426 pectoras
1009 2390 1044 2416 A.
1060 2403 1097 2407 ——-
1112 2387 1164 2421 712,
1189 2387 1201 2415 1
1218 2388 1263 2416 Ad
1279 2388 1351 2415 fehlt
1367 2389 1427 2415 AB.
1444 2403 1479 2406 —

139 2430 264 2459 Betrefl's
292 2430 345 2458 der
364 2430 495 2458 Melodie
520 2429 581 2467 vgl.
609 2429 657 2456 die
678 2428 869 2465 Bemerkung
893 2438 931 2456 zu
951 2428 1038 2456 Anal.
1061 2429 1170 2464 Hymn.
1195 2428 1257 2459 XL,
1281 2427 1331 2454 Nr.
1360 2425 1412 2454 29.
1444 2442 1479 2446 —

141 2470 204 2497 Der
223 2469 352 2498 vielfach
373 2469 530 2498 verderbte
549 2469 628 2496 Text
650 2467 746 2495 bleibt
766 2468 798 2494 in
818 2467 875 2495 den
896 2467 1045 2504 Strophcn
1067 2466 1085 2494 5
1107 2476 1134 2494 u.
1156 2465 1173 2494 6
1195 2466 1271 2493 noch
1293 2466 1414 2494 dunkel.
