1655 2713
710 145 967 180 —168—

204 239 262 271 2a.
294 239 434 279 Regione
889 243 953 276 2b.
987 242 1166 283 Spirituum

297 288 497 327 triumphans
523 289 671 320 aetherea
987 291 1172 324 caelestium
1198 293 1326 333 agmina

298 336 537 375 congratulatur
562 337 639 368 haec
984 339 1137 371 concordi
1162 345 1338 382 personant

298 383 416 414 natalia
443 384 592 422 pretiosa.
983 387 1173 428 symphonia
1199 398 1274 421 vere
1302 389 1410 431 digna.

200 488 258 519 3a.
288 487 384 526 Quem
416 487 534 518 Vienna
888 490 951 524 3b.
983 491 1065 523 Nam
1092 496 1226 534 uterque

292 543 477 573 generosum
504 535 586 571 tulit,
982 541 1168 579 temporalis
1193 542 1285 573 miles

293 580 493 622 [Ferreolum
520 583 593 614 huic
979 592 1124 619 terrenas
1151 590 1343 630 contempsit

293 627 411 672 uni]vit
980 643 1068 675 opes,
1098 640 1132 667 ut

292 685 396 708 rerum
423 678 535 709 similis
562 687 655 718 cura3
979 684 1140 723 pertingat
1165 685 1208 716 ad
1234 688 1374 720 aeterna.

197 781 256 812 4a.
290 780 377 812 Tune
405 781 570 822 Crispinus
597 784 773 815 consularis
882 786 945 818 4b.
976 786 1018 818 Et
1045 797 1123 827 quos
1150 793 1275 828 poterat
1302 791 1472 822 tormentis

289 827 412 860 Furens
446 829 540 862 fidem
571 830 795 871 impugnabat3
978 835 1030 866 Ad
1058 836 1230 875 nequitiam
1257 837 1428 878 trahebat;

334 876 418 908 Lues
446 877 526 910 dira.
1025 883 1089 914 Res
1115 881 1299 929 ne[fanda].

193 981 212 1011 5
228 987 257 1011 a.
292 977 361 1023 [Et]
389 981 475 1012 iubet
501 983 703 1023 satellitibus,
885 986 946 1019 5b.
980 989 1085 1028 Atque
1112 990 1212 1020 caesis
1239 990 1417 1022 cervicibus

342 1028 386 1060 Ut
411 1030 568 1061 Iulianum
599 1032 787 1071 perquirant
1026 1036 1178 1076 Reliquos
1208 1038 1309 1078 magis
1335 1042 1488 1072 terreant.

196 1132 257 1163 Ga.
288 1131 428 1163 Perdere
454 1138 554 1172 putat,
880 1137 943 1170 fib.
975 1139 1084 1170 victos
1110 1145 1262 1177 autumat,

285 1179 368 1218 Quos
395 1180 544 1218 vivificat,
975 1187 1037 1219 Sed
1066 1187 1152 1219 Deus
1176 1189 1303 1229 probat,

334 1226 476 1258 Infidelis
504 1227 603 1263 furia:
1021 1235 1112 1273 Quod
1138 1235 1217 1268 haec
1242 1241 1289 1268 est
1315 1238 1459 1272 victoria.

193 1330 252 1361 72.
284 1330 413 1362 Brivate
439 1333 525 1364 vicus
877 1337 937 1370 7b.
969 1339 1027 1378 Qui
1055 1336 1157 1382 [illum
1182 1341 1226 1372 ibi

332 1383 379 1409 est
404 1379 611 1418 Arva-nicus,
1017 1385 1267 1430 requi]rentibus

285 1425 352 1463 Quo
378 1428 508 1458 secessit
534 1429 686 1469 Iulianus,
968 1434 1116 1466 Occurrit
1140 1435 1391 1481 imperterritus,

331 1473 441 1505 Donec
459 1475 561 1506 solvat
576 1477 685 1508 mortis
700 1478 788 1518 iura3
1016 1481 1130 1514 Fultus
1157 1483 1216 1515 Dei
1243 1490 1418 1521 armatura.

186 1577 248 1609 8a.
279 1577 398 1616 Quibus
425 1589 485 1610 non
512 1581 651 1612 renitens
873 1585 934 1618 8b.
966 1587 1089 1627 Corpus
1115 1593 1262 1621 truncum
1287 1591 1373 1623 humi

331 1627 455 1665 rapitur
1015 1636 1172 1673 conditur,

282 1672 325 1704 Et
348 1674 456 1706 volens
481 1675 675 1708 interficitur
967 1682 1070 1723 Caput
1098 1685 1253 1717 Viennam
1281 1691 1439 1727 portatur,

329 1720 498 1761 Suspirans
510 1724 668 1756 caelorum
678 1734 786 1765 regna.
1013 1731 1206 1765 Conscendit
1232 1735 1338 1766 caelos
1362 1736 1479 1770 anima.

183 1825 243 1857 9a.
275 1826 328 1857 Ad
350 1827 529 1866 sepulcrum
557 1830 699 1869 corporis
869 1833 931 1865 eb.
963 1835 1058 1867 Clare
1084 1842 1241 1870 monstrat
1266 1841 1403 1880 populis,

278 1873 468 1906 Fidentibus
495 1876 654 1916 languidis
966 1884 1049 1922 Quid
1075 1884 1127 1916 hic
1152 1887 1269 1919 reddat
1294 1890 1429 1930 meritis,

326 1921 419 1953 Certa
444 1923 529 1955 salus
556 1925 683 1957 reddita
1012 1932 1070 1970 Qui
1099 1935 1243 1966 condidit
1271 1938 1387 1979 omnia,

545 2030 598 2062 10.
626 2031 684 2062 Cui
710 2031 810 2064 honor
835 2037 883 2065 est
909 2040 939 2066 et
969 2036 1081 2075 gloria.

233 2129 315 2155 Offic.
337 2139 389 2157 ms.
406 2131 434 2157 S.
450 2130 560 2158 Iuliani
582 2141 657 2160 saec.
682 2132 725 2161 16.
741 2134 810 2162 Cod.
825 2137 944 2165 Remen.
967 2137 1032 2166 291.
1050 2155 1081 2159 —
1101 2142 1241 2176 „Prosam
1257 2145 1341 2178 hane,
1356 2151 1477 2184 propria

157 2168 296 2202 quoniam
322 2168 436 2201 deerat,
464 2170 599 2197 adiunxit
632 2172 761 2199 Petrus
783 2175 1014 2210 Bosquilius
1043 2187 1121 2207 anno
1145 2180 1245 2209 1542.“
1288 2184 1417 2214 Hiermit
1438 2189 1478 2215 ist

156 2205 234 2232 wohl
260 2206 341 2233 nicht
361 2211 479 2244 gesagt,
508 2208 572 2236 dass
592 2210 764 2246 Bosquilius
785 2213 861 2240 auch
881 2214 932 2241 der
953 2215 1106 2245 Verfasser
1127 2221 1184 2255 sei3
1206 2221 1284 2249 deun
1305 2232 1335 2250 es
1360 2224 1478 2254 scheint

155 2245 254 2279 wenig
274 2245 527 2279 wahrscheinltch,
545 2248 609 2275 dass
631 2250 669 2276 im
692 2248 736 2277 16.
748 2250 951 2280 Jahrhundert
965 2254 1064 2283 solche
1079 2257 1179 2286 Reime
1193 2261 1331 2295 gemacht
1346 2264 1475 2298 wurden,

154 2283 211 2308 wie
232 2283 275 2310 sie
297 2284 327 2310 in
351 2284 447 2312 dieser
463 2286 596 2321 Sequenz
617 2288 818 2316 vorkommen.
833 2305 869 2309 —
883 2291 1065 2321 Interessant
1085 2296 1134 2328 ist,
1154 2299 1210 2325 wie
1227 2299 1275 2327 die
1291 2300 1476 2337 Sequenzen-

152 2320 227 2347 form
257 2320 281 2348 1.
302 2322 422 2358 Epoche
442 2326 496 2351 mit
517 2324 642 2361 Strophe
663 2325 682 2353 4
702 2327 794 2354 durch
815 2328 862 2356 die
884 2329 1133 2366 Sequenzenform
1153 2333 1180 2362 2.
1197 2336 1318 2373 Epoche
1341 2341 1477 2377 abgelost

153 2359 238 2392 wird,
260 2360 372 2388 freilich
395 2363 448 2389 mit
468 2363 595 2396 Vei-sen,
617 2364 663 2392 die
684 2375 740 2393 nur
760 2365 974 2396 Endassonauz
996 2371 1165 2401 aufweisen.
1206 2376 1262 2403 Die
1284 2380 1475 2415 umgekehrte

152 2397 361 2450 Erseheinung
390 2400 479 2428 sahen
511 2403 565 2429 wir
596 2403 671 2431 oben
699 2403 799 2438 (unter
824 2406 875 2433 Nr.
903 2406 956 2441 33)
981 2409 1028 2437 bei
1056 2410 1108 2438 der
1132 2413 1267 2449 Sequenz
1301 2418 1475 2451 „Verbum

152 2436 303 2464 salutis.
343 2453 379 2457 —
1465 2468 1467 2470 ’
