1655 2713
739 137 999 172 —240—

239 239 258 271 3
270 247 299 272 a.
331 237 492 277 Quidquid
507 236 614 277 solvis,
631 240 679 268 est
690 235 837 274 solutum,
923 235 942 266 3
953 233 984 267 b.
1014 231 1101 272 Ergo
1126 230 1226 262 nostri
1254 228 1406 260 miserere

333 285 423 325 Quod
448 285 557 323 tueris,
584 284 644 315 hoc
668 287 717 314 est
737 286 839 314 tutum
1020 280 1065 312 Et
1089 287 1150 319 ope
1174 278 1249 310 iuva
1275 277 1410 314 sincere,

332 334 385 366 Ad
408 333 499 364 unius
524 332 585 364 Dei
612 335 721 363 nutum
1020 327 1115 360 Solve
1140 326 1246 358 vincla
1273 328 1305 356 et
1330 329 1422 356 tuere

384 382 531 414 Firmans
556 379 783 411 moderamina.
1066 375 1268 414 sempiterna
1293 372 1431 404 saecula.

290 472 373 499 Miss.
408 479 461 497 ms.
490 469 640 496 Beckense
669 467 854 501 (Leodiense)
887 475 961 494 saec.
999 465 1042 493 15.
1077 465 1146 492 Cod.
1177 463 1347 491 Bruxellen.
1377 459 1461 489 3782.
1491 474 1531 480 —

214 508 359 537 Melodie:
386 509 548 536 Verbum
576 508 716 534 bonum.
737 521 774 524 —
795 506 859 542 Vgl.
881 506 966 532 Anal.
987 505 1096 540 Hymn.
1118 503 1199 535 V111,
1221 503 1271 529 Nr.
1293 500 1363 535 2653
1385 500 1433 527 die
1454 500 1527 526 zwei

215 549 280 576 ‹lort
300 549 458 575 benutzten
478 546 656 582 gedruckten
679 544 802 579 Qnellen
830 545 933 580 zeigen
954 542 1076 570 manche
1098 541 1346 576 Abweichungen.

670 685 736 715 269.
778 685 820 715 De
843 685 951 714 sancto
973 683 1072 714 Petro.

240 784 297 815 la.
330 782 467 813 Verbum
495 781 554 812 Dei
583 781 780 811 incarnatum
927 777 989 812 1b.
1021 778 1111 809 Velle
1136 777 1238 817 patris
1263 780 1296 807 ut
1323 775 1482 816 impleret,

336 830 378 862 Et
412 830 444 860 in
478 829 594 859 mundo
621 831 840 858 conversatum
1020 825 1134 857 Mundi
1161 825 1287 864 culpam
1309 828 1343 855 ut
1371 823 1495 855 deleret

384 877 500 908 Curam
527 876 611 915 cepit
635 884 737 915 agere,
1068 873 1200 905 Pietatis
1227 881 1335 912 opere.

238 969 299 1000 2a.
330 967 424 1006 Nam,
452 967 524 998 dum
551 975 636 997 mare
664 966 814 1005 visitavit,
925 965 986 997 2b.
1019 964 1109 1001 Veni,
1125 964 1231 999 Petre,
1246 966 1317 1002 post
1328 971 1388 1003 me,
1403 962 1527 1001 inquit;

334 1015 407 1046 Illic
433 1015 559 1045 Petrum
586 1014 734 1044 invitavit
1019 1012 1078 1043 Ille
1103 1012 1208 1043 statim
1236 1015 1349 1042 cuncta
1374 1010 1491 1049 linquit

383 1063 436 1093 Ad
471 1068 632 1101 capturam
671 1061 841 1092 hominum.
1068 1059 1278 1098 Sequiturque
1304 1058 1486 1090 Dominum.

245 1154 263 1183 3
275 1161 302 1183 a.
335 1151 871 1191 Oquambonum,quamiucundum
926 1150 989 1183 3b.
1021 1150 1095 1181 Pios
1120 1158 1224 1181 mores
1250 1149 1381 1186 imitari,

336 1199 431 1230 Petro
457 1200 502 1230 sic
527 1200 657 1238 liquisse
674 1198 834 1239 mundum,
1020 1197 1135 1229 Sancte
1161 1205 1286 1237 semper
1312 1196 1496 1228 conversari

387 1248 551 1279 Salvatore
577 1247 660 1277 socio
1070 1245 1239 1277 Declinato
1265 1245 1341 1278 otio.

241 1335 299 1364 421.
333 1333 446 1363 Vultus
472 1332 567 1364 mitis.
594 1342 655 1363 una
681 1341 799 1372 mensa,
926 1331 989 1364 4b.
1021 1332 1070 1363 Tu
1098 1332 1137 1363 de
1164 1330 1251 1363 fonte
1277 1331 1458 1371 salvatoris,

336 1379 429 1410 Vitae
449 1380 571 1419 dogma,
598 1381 702 1417 Petre‚
730 1388 839 1419 pensa,
1019 1380 1163 1411 Imitator
1189 1379 1234 1418 pii
1260 1379 1367 1415 moris,

384 1428 481 1465 Quam
492 1427 643 1466 praebent
655 1427 869 1467 clementiam3
1065 1428 1182 1458 Hauris
1208 1427 1410 1467 sapientiam.

243 1515 300 1545 5a.
331 1512 414 1544 Dum
439 1513 536 1551 Iesus,
563 1513 613 1552 qui
634 1513 676 1543 nil
695 1513 838 1547 nescivit,
921 1515 939 1545 5
955 1513 986 1545 b.
1019 1515 1123 1545 lesum
1149 1514 1253 1545 sciens
1280 1514 1397 1545 Petrus
1427 1522 1506 1545 vere

337 1560 468 1591 Fratres
496 1560 534 1591 de
559 1569 592 1590 se
619 1560 794 1602 requisivit,
1015 1561 1139 1592 Primus
1165 1561 1261 1593 audet
1287 1562 1483 1601 respondere

386 1608 527 1639 Sentiant
549 1609 625 1646 quid
650 1609 770 1647 populi,
1065 1609 1159 1640 Hunc
1185 1610 1280 1641 talem
1307 1610 1457 1649 existere,

384 1656 510 1694 Ipsique
537 1656 685 1694 discipuli
1065 1657 1110 1690 Ut
1136 1663 1302 1690 creaturae
1327 1659 1473 1699 singulae

431 1703 560 1741 Qualem
587 1712 655 1734 esse
682 1703 799 1741 dicant,
1112 1706 1215 1746 Digne
1245 1706 1448 1739 benedicant.

244 1790 301 1822 Ga.
334 1788 383 1819 Tu
402 1797 443 1822 es,
472 1789 582 1829 inquit,
611 1789 765 1828 Christus,
784 1789 844 1821 Dei
930 1790 991 1823 6b.
1022 1791 1141 1823 Fluens
1167 1801 1206 1824 ex
1232 1796 1262 1823 te
1289 1793 1421 1825 verbum
1443 1793 1531 1824 vitae

337 1836 409 1866 Vivi
435 1840 536 1871 natus,
565 1846 693 1876 compar
718 1837 746 1868 ei
1023 1839 1126 1881 Felix,
1154 1841 1206 1880 qui
1233 1842 1375 1873 custodit
1399 1841 1461 1873 rite

385 1885 468 1915 Iuris
493 1884 524 1914 in
552 1884 709 1925 domini03
1069 1888 1211 1920 Pectoris
1236 1889 1268 1920 in
1294 1890 1424 1924 scrinio.

245 1969 301 2001 7a.
333 1968 415 2000 Dum
452 1969 497 1999 sic
523 1970 637 2000 I'etrus
664 1970 840 2011 confitetur,
929 1973 986 2007 7a.
1019 1973 1078 2012 Qui
1094 1974 1167 2005 dum
1182 1975 1283 2006 lucem
1294 1975 1528 2015 datinternam‚

339 2016 411 2048 Dici
437 2015 513 2048 felix
540 2022 739 2057 promeretur
1022 2021 1113 2061 Capit
1133 2023 1246 2054 Petrus
1273 2032 1339 2055 rem
1357 2033 1530 2064 supernam

387 2064 480 2095 Patre
505 2065 567 2095 iam
593 2065 750 2105 propitio;
1071 2070 1184 2102 Carnis
1211 2080 1323 2103 carens
1350 2072 1438 2105 vitio.

243 2149 304 2182 Sa.
335 2149 385 2181 Ex
410 2154 485 2180 tunc
510 2150 614 2189 ipsum
642 2150 798 2182 Simonem
927 2151 988 2198 81b.
1019 2155 1063 2186 Et
1089 2165 1158 2187 cum
1184 2165 1260 2188 cura
1285 2158 1392 2189 ovium

337 2197 429 2229 Fecit
456 2198 545 2229 Iesus
571 2198 747 2238 principem
1021 2203 1215 2236 Potestatem
1243 2205 1379 2237 clavium

387 2245 659 2285 Coapostolorum.
1069 2252 1171 2292 Regni
1197 2253 1252 2284 dat
1278 2253 1449 2287 caelorum.

245 2331 303 2364 9a.
337 2330 418 2363 Inde
443 2332 549 2371 coepit
575 2340 753 2374 coruscare,
928 2335 991 2368 9b.
1025 2336 1121 2368 Cuius
1146 2338 1208 2369 iuri
1233 2340 1417 2380 mancipare

338 2380 448 2412 Factis
474 2379 563 2411 miris
588 2380 787 2423 praedicare,
1025 2384 1184 2417 Plurimos
1209 2395 1248 2418 ac
1273 2387 1440 2427 baptizare

384 2427 466 2459 Dum
499 2437 518 2459 a
543 2427 672 2460 Christo
695 2429 843 2471 mittitur,
1071 2432 1130 2465 Pia
1155 2433 1219 2466 fide
1246 2435 1370 2468 nititur.
