<?xml version="1.0" encoding="UTF-8"?>
<!DOCTYPE html PUBLIC "-//W3C//DTD XHTML 1.0 Transitional//EN"
    "http://www.w3.org/TR/xhtml1/DTD/xhtml1-transitional.dtd">
<html xmlns="http://www.w3.org/1999/xhtml" xml:lang="en" lang="en">
 <head>
  <title>
</title>
<meta http-equiv="Content-Type" content="text/html;charset=utf-8" />
  <meta name='ocr-system' content='tesseract 3.04.00' />
  <meta name='ocr-capabilities' content='ocr_page ocr_carea ocr_par ocr_line ocrx_word'/>
</head>
<body>
  <div class='ocr_page' id='page_1' title='image "./analectahymnica44drevuoft_0283.png"; bbox 0 0 1655 2713; ppageno 0'>
   <div class='ocr_carea' id='block_1_1' title="bbox 794 165 1053 200">
    <p class='ocr_par' dir='ltr' id='par_1_1' title="bbox 794 165 1053 200">
     <span class='ocr_line' id='line_1_1' title="bbox 794 165 1053 200; baseline 0.008 -1"><span class='ocrx_word' id='word_1_1' title='bbox 794 165 1053 200; x_wconf 84' lang='lat'>-278—</span> 
     </span>
    </p>
   </div>
   <div class='ocr_carea' id='block_1_2' title="bbox 278 257 1538 1535">
    <p class='ocr_par' dir='ltr' id='par_1_2' title="bbox 278 257 1538 1535">
     <span class='ocr_line' id='line_1_2' title="bbox 298 257 1313 307; baseline -0.013 -5"><span class='ocrx_word' id='word_1_2' title='bbox 298 271 361 301; x_wconf 84' lang='lat' dir='ltr'>4a.</span> <span class='ocrx_word' id='word_1_3' title='bbox 392 269 470 301; x_wconf 91' lang='lat' dir='ltr'>Cum</span> <span class='ocrx_word' id='word_1_4' title='bbox 497 267 609 307; x_wconf 84' lang='lat' dir='ltr'>quibus</span> <span class='ocrx_word' id='word_1_5' title='bbox 636 266 721 296; x_wconf 89' lang='lat' dir='ltr'>venit</span> <span class='ocrx_word' id='word_1_6' title='bbox 983 261 1045 294; x_wconf 87' lang='lat' dir='ltr'>4b.</span> <span class='ocrx_word' id='word_1_7' title='bbox 1076 260 1197 292; x_wconf 79' lang='lat' dir='ltr'>Fervet</span> <span class='ocrx_word' id='word_1_8' title='bbox 1222 257 1313 295; x_wconf 83' lang='lat' dir='ltr'>fides,</span> 
     </span>
     <span class='ocr_line' id='line_1_3' title="bbox 394 309 1349 356; baseline -0.012 -8"><span class='ocrx_word' id='word_1_9' title='bbox 394 315 550 356; x_wconf 82' lang='lat' dir='ltr'>quondam</span> <span class='ocrx_word' id='word_1_10' title='bbox 577 315 675 346; x_wconf 87' lang='lat' dir='ltr'>Roma</span> <span class='ocrx_word' id='word_1_11' title='bbox 1079 309 1231 348; x_wconf 80' lang='lat' dir='ltr'>dogmata</span> <span class='ocrx_word' id='word_1_12' title='bbox 1255 315 1349 338; x_wconf 81' lang='lat' dir='ltr'>sacra</span> 
     </span>
     <span class='ocr_line' id='line_1_4' title="bbox 394 361 1265 403; baseline -0.01 -8"><span class='ocrx_word' id='word_1_13' title='bbox 394 363 591 403; x_wconf 84' lang='lat' dir='ltr'>subiugando</span> <span class='ocrx_word' id='word_1_14' title='bbox 1078 361 1265 388; x_wconf 80' lang='lat' dir='ltr'>reserantur</span> 
     </span>
     <span class='ocr_line' id='line_1_5' title="bbox 395 401 1442 448; baseline -0.008 -6"><span class='ocrx_word' id='word_1_15' title='bbox 395 411 477 443; x_wconf 85' lang='lat' dir='ltr'>colla</span> <span class='ocrx_word' id='word_1_16' title='bbox 501 409 640 442; x_wconf 81' lang='lat' dir='ltr'>Messiae</span> <span class='ocrx_word' id='word_1_17' title='bbox 666 417 785 448; x_wconf 84' lang='lat' dir='ltr'>prona;</span> <span class='ocrx_word' id='word_1_18' title='bbox 1081 403 1234 444; x_wconf 69' lang='lat' dir='ltr'>verbique</span> <span class='ocrx_word' id='word_1_19' title='bbox 1258 401 1442 443; x_wconf 87' lang='lat' dir='ltr'>praeconia.</span> 
     </span>
     <span class='ocr_line' id='line_1_6' title="bbox 306 488 1449 529; baseline -0.009 0"><span class='ocrx_word' id='word_1_20' title='bbox 306 501 361 529; x_wconf 79' lang='lat' dir='ltr'>5a.</span> <span class='ocrx_word' id='word_1_21' title='bbox 393 497 468 528; x_wconf 86' lang='lat' dir='ltr'>Post</span> <span class='ocrx_word' id='word_1_22' title='bbox 493 496 571 526; x_wconf 90' lang='lat' dir='ltr'>haec</span> <span class='ocrx_word' id='word_1_23' title='bbox 597 496 710 526; x_wconf 69' lang='lat' dir='ltr'>missus</span> <span class='ocrx_word' id='word_1_24' title='bbox 736 494 821 525; x_wconf 85' lang='lat' dir='ltr'>veuit</span> <span class='ocrx_word' id='word_1_25' title='bbox 985 491 1046 525; x_wconf 79' lang='lat' dir='ltr'>5b.</span> <span class='ocrx_word' id='word_1_26' title='bbox 1079 491 1202 523; x_wconf 84' lang='lat' dir='ltr'>Rursus</span> <span class='ocrx_word' id='word_1_27' title='bbox 1229 489 1315 521; x_wconf 87' lang='lat' dir='ltr'>redit</span> <span class='ocrx_word' id='word_1_28' title='bbox 1339 488 1381 520; x_wconf 87' lang='lat' dir='ltr'>ad</span> <span class='ocrx_word' id='word_1_29' title='bbox 1407 491 1449 529; x_wconf 86' lang='lat' dir='ltr'>te,</span> 
     </span>
     <span class='ocr_line' id='line_1_7' title="bbox 392 539 1235 579; baseline -0.007 -4"><span class='ocrx_word' id='word_1_30' title='bbox 392 554 411 575; x_wconf 89' lang='lat' dir='ltr'>a</span> <span class='ocrx_word' id='word_1_31' title='bbox 437 544 546 579; x_wconf 74' lang='lat' dir='ltr'>Roma,</span> <span class='ocrx_word' id='word_1_32' title='bbox 1079 549 1097 570; x_wconf 92' lang='lat' dir='ltr'>o</span> <span class='ocrx_word' id='word_1_33' title='bbox 1122 539 1235 577; x_wconf 78' lang='lat' dir='ltr'>Roma,</span> 
     </span>
     <span class='ocr_line' id='line_1_8' title="bbox 394 582 1531 635; baseline -0.008 -12"><span class='ocrx_word' id='word_1_34' title='bbox 394 592 509 623; x_wconf 82' lang='lat' dir='ltr'>transit</span> <span class='ocrx_word' id='word_1_35' title='bbox 535 588 603 635; x_wconf 87' lang='lat' dir='ltr'>[ad]</span> <span class='ocrx_word' id='word_1_36' title='bbox 630 595 671 629; x_wconf 80' lang='lat' dir='ltr'>te,</span> <span class='ocrx_word' id='word_1_37' title='bbox 696 589 828 631; x_wconf 76' lang='lat' dir='ltr'>Elegia3</span> <span class='ocrx_word' id='word_1_38' title='bbox 1078 591 1213 628; x_wconf 86' lang='lat' dir='ltr'>propter</span> <span class='ocrx_word' id='word_1_39' title='bbox 1238 584 1380 617; x_wconf 84' lang='lat' dir='ltr'>Materni</span> <span class='ocrx_word' id='word_1_40' title='bbox 1407 582 1531 615; x_wconf 82' lang='lat' dir='ltr'>funera.</span> 
     </span>
     <span class='ocr_line' id='line_1_9' title="bbox 295 673 1341 716; baseline -0.009 -6"><span class='ocrx_word' id='word_1_41' title='bbox 295 680 356 710; x_wconf 73' lang='lat'>63.</span> <span class='ocrx_word' id='word_1_42' title='bbox 387 679 412 710; x_wconf 88' lang='grc' dir='ltr'><strong>Ο</strong></span> <span class='ocrx_word' id='word_1_43' title='bbox 438 678 537 709; x_wconf 87' lang='lat' dir='ltr'>Roma</span> <span class='ocrx_word' id='word_1_44' title='bbox 564 676 652 716; x_wconf 78' lang='lat' dir='ltr'>felix,</span> <span class='ocrx_word' id='word_1_45' title='bbox 980 674 1040 707; x_wconf 76' lang='grc'>61).</span> <span class='ocrx_word' id='word_1_46' title='bbox 1073 673 1210 704; x_wconf 85' lang='lat' dir='ltr'>Laetare</span> <span class='ocrx_word' id='word_1_47' title='bbox 1237 676 1269 702; x_wconf 88' lang='lat' dir='ltr'>et</span> <span class='ocrx_word' id='word_1_48' title='bbox 1294 674 1341 711; x_wconf 84' lang='lat' dir='ltr'>tu,</span> 
     </span>
     <span class='ocr_line' id='line_1_10' title="bbox 392 721 1199 761; baseline -0.006 -5"><span class='ocrx_word' id='word_1_49' title='bbox 392 726 466 756; x_wconf 83' lang='lat' dir='ltr'>hinc</span> <span class='ocrx_word' id='word_1_50' title='bbox 492 725 615 756; x_wconf 79' lang='lat' dir='ltr'>exsulta</span> <span class='ocrx_word' id='word_1_51' title='bbox 1076 721 1199 761; x_wconf 84' lang='lat' dir='ltr'>Elegia,</span> 
     </span>
     <span class='ocr_line' id='line_1_11' title="bbox 398 764 1538 812; baseline -0.004 -9"><span class='ocrx_word' id='word_1_52' title='bbox 398 778 463 804; x_wconf 78' lang='lat' dir='ltr'>tota</span> <span class='ocrx_word' id='word_1_53' title='bbox 491 773 600 804; x_wconf 74' lang='lat' dir='ltr'>fovens</span> <span class='ocrx_word' id='word_1_54' title='bbox 627 771 833 812; x_wconf 76' lang='lat' dir='ltr'>praecordia3</span> <span class='ocrx_word' id='word_1_55' title='bbox 1077 774 1191 800; x_wconf 85' lang='lat' dir='ltr'>cuncta</span> <span class='ocrx_word' id='word_1_56' title='bbox 1217 775 1381 799; x_wconf 84' lang='lat' dir='ltr'>resumens</span> <span class='ocrx_word' id='word_1_57' title='bbox 1407 764 1538 806; x_wconf 78' lang='lat' dir='ltr'>gaudia.</span> 
     </span>
     <span class='ocr_line' id='line_1_12' title="bbox 297 853 1433 898; baseline -0.006 -8"><span class='ocrx_word' id='word_1_58' title='bbox 297 860 355 891; x_wconf 86' lang='lat' dir='ltr'>7a.</span> <span class='ocrx_word' id='word_1_59' title='bbox 386 858 427 889; x_wconf 85' lang='lat' dir='ltr'>Et</span> <span class='ocrx_word' id='word_1_60' title='bbox 454 858 480 888; x_wconf 91' lang='lat' dir='ltr'>si</span> <span class='ocrx_word' id='word_1_61' title='bbox 505 862 611 888; x_wconf 87' lang='lat' dir='ltr'>manet</span> <span class='ocrx_word' id='word_1_62' title='bbox 636 857 709 898; x_wconf 81' lang='lat' dir='ltr'>alia,</span> <span class='ocrx_word' id='word_1_63' title='bbox 980 855 1039 888; x_wconf 78' lang='lat' dir='ltr'>7b.</span> <span class='ocrx_word' id='word_1_64' title='bbox 1069 854 1200 887; x_wconf 83' lang='lat' dir='ltr'>Gratiae</span> <span class='ocrx_word' id='word_1_65' title='bbox 1225 853 1306 884; x_wconf 86' lang='lat' dir='ltr'>mira</span> <span class='ocrx_word' id='word_1_66' title='bbox 1332 853 1433 884; x_wconf 89' lang='lat' dir='ltr'>virtus</span> 
     </span>
     <span class='ocr_line' id='line_1_13' title="bbox 391 901 1385 945; baseline -0.005 -9"><span class='ocrx_word' id='word_1_67' title='bbox 391 915 470 944; x_wconf 85' lang='lat' dir='ltr'>quae</span> <span class='ocrx_word' id='word_1_68' title='bbox 496 909 628 945; x_wconf 87' lang='lat' dir='ltr'>constet,</span> <span class='ocrx_word' id='word_1_69' title='bbox 656 904 778 944; x_wconf 82' lang='lat' dir='ltr'>Elegia,</span> <span class='ocrx_word' id='word_1_70' title='bbox 1075 907 1105 933; x_wconf 87' lang='lat' dir='ltr'>et</span> <span class='ocrx_word' id='word_1_71' title='bbox 1131 902 1233 942; x_wconf 84' lang='lat' dir='ltr'>gloria</span> <span class='ocrx_word' id='word_1_72' title='bbox 1258 901 1385 937; x_wconf 84' lang='lat' dir='ltr'>salutis,</span> 
     </span>
     <span class='ocr_line' id='line_1_14' title="bbox 391 948 1497 993; baseline -0.005 -9"><span class='ocrx_word' id='word_1_73' title='bbox 391 962 471 992; x_wconf 79' lang='lat' dir='ltr'>quae</span> <span class='ocrx_word' id='word_1_74' title='bbox 497 953 548 988; x_wconf 76' lang='lat' dir='ltr'>sit,</span> <span class='ocrx_word' id='word_1_75' title='bbox 573 956 681 983; x_wconf 87' lang='lat' dir='ltr'>nostra</span> <span class='ocrx_word' id='word_1_76' title='bbox 707 952 844 993; x_wconf 77' lang='lat' dir='ltr'>declara,</span> <span class='ocrx_word' id='word_1_77' title='bbox 1076 950 1160 990; x_wconf 84' lang='lat' dir='ltr'>quod</span> <span class='ocrx_word' id='word_1_78' title='bbox 1187 949 1278 980; x_wconf 87' lang='lat' dir='ltr'>nobis</span> <span class='ocrx_word' id='word_1_79' title='bbox 1304 948 1497 988; x_wconf 82' lang='lat' dir='ltr'>praecordia</span> 
     </span>
     <span class='ocr_line' id='line_1_15' title="bbox 390 997 1370 1032; baseline -0.004 -1"><span class='ocrx_word' id='word_1_80' title='bbox 390 1001 476 1031; x_wconf 76' lang='lat' dir='ltr'>clara</span> <span class='ocrx_word' id='word_1_81' title='bbox 501 1000 623 1032; x_wconf 89' lang='lat' dir='ltr'>Thalia.</span> <span class='ocrx_word' id='word_1_82' title='bbox 1074 999 1183 1029; x_wconf 87' lang='lat' dir='ltr'>lucent</span> <span class='ocrx_word' id='word_1_83' title='bbox 1209 997 1370 1028; x_wconf 84' lang='lat' dir='ltr'>Materna.</span> 
     </span>
     <span class='ocr_line' id='line_1_16' title="bbox 295 1081 1533 1124; baseline -0.005 -7"><span class='ocrx_word' id='word_1_84' title='bbox 295 1088 353 1118; x_wconf 83' lang='lat' dir='ltr'>8a.</span> <span class='ocrx_word' id='word_1_85' title='bbox 387 1086 446 1117; x_wconf 87' lang='lat' dir='ltr'>Per</span> <span class='ocrx_word' id='word_1_86' title='bbox 472 1090 503 1116; x_wconf 89' lang='lat' dir='ltr'>te</span> <span class='ocrx_word' id='word_1_87' title='bbox 528 1094 651 1124; x_wconf 84' lang='lat' dir='ltr'>quoque</span> <span class='ocrx_word' id='word_1_88' title='bbox 677 1084 790 1123; x_wconf 69' lang='lat' dir='ltr'>fertur,</span> <span class='ocrx_word' id='word_1_89' title='bbox 979 1084 1038 1116; x_wconf 73' lang='grc'>81).</span> <span class='ocrx_word' id='word_1_90' title='bbox 1069 1085 1167 1123; x_wconf 80' lang='lat' dir='ltr'>Quam</span> <span class='ocrx_word' id='word_1_91' title='bbox 1195 1086 1268 1113; x_wconf 88' lang='lat' dir='ltr'>sunt</span> <span class='ocrx_word' id='word_1_92' title='bbox 1295 1081 1422 1118; x_wconf 82' lang='lat' dir='ltr'>festiva,</span> <span class='ocrx_word' id='word_1_93' title='bbox 1447 1089 1533 1120; x_wconf 92' lang='lat' dir='ltr'>quae</span> 
     </span>
     <span class='ocr_line' id='line_1_17' title="bbox 389 1129 1529 1172; baseline -0.004 -8"><span class='ocrx_word' id='word_1_94' title='bbox 389 1144 407 1164; x_wconf 91' lang='lat' dir='ltr'>O</span> <span class='ocrx_word' id='word_1_95' title='bbox 434 1133 551 1168; x_wconf 86' lang='lat' dir='ltr'>Valeri,</span> <span class='ocrx_word' id='word_1_96' title='bbox 577 1141 649 1172; x_wconf 82' lang='lat' dir='ltr'>spes</span> <span class='ocrx_word' id='word_1_97' title='bbox 675 1132 822 1164; x_wconf 76' lang='lat' dir='ltr'>maxima.</span> <span class='ocrx_word' id='word_1_98' title='bbox 1073 1139 1156 1162; x_wconf 90' lang='lat' dir='ltr'>nunc</span> <span class='ocrx_word' id='word_1_99' title='bbox 1183 1130 1315 1161; x_wconf 88' lang='lat' dir='ltr'>colimus</span> <span class='ocrx_word' id='word_1_100' title='bbox 1342 1129 1529 1161; x_wconf 77' lang='lat' dir='ltr'>sollemnia!</span> 
     </span>
     <span class='ocr_line' id='line_1_18' title="bbox 297 1217 1418 1258; baseline -0.004 -7"><span class='ocrx_word' id='word_1_101' title='bbox 297 1221 357 1251; x_wconf 87' lang='lat' dir='ltr'>9a.</span> <span class='ocrx_word' id='word_1_102' title='bbox 387 1220 472 1258; x_wconf 78' lang='lat' dir='ltr'>Quae</span> <span class='ocrx_word' id='word_1_103' title='bbox 499 1224 685 1250; x_wconf 79' lang='lat' dir='ltr'>conservata</span> <span class='ocrx_word' id='word_1_104' title='bbox 710 1223 783 1249; x_wconf 87' lang='lat' dir='ltr'>sunt</span> <span class='ocrx_word' id='word_1_105' title='bbox 981 1218 1043 1251; x_wconf 80' lang='grc'>91).</span> <span class='ocrx_word' id='word_1_106' title='bbox 1077 1218 1125 1248; x_wconf 89' lang='lat' dir='ltr'>Tu</span> <span class='ocrx_word' id='word_1_107' title='bbox 1151 1218 1245 1248; x_wconf 90' lang='lat' dir='ltr'>modo</span> <span class='ocrx_word' id='word_1_108' title='bbox 1271 1217 1418 1256; x_wconf 85' lang='lat' dir='ltr'>possides</span> 
     </span>
     <span class='ocr_line' id='line_1_19' title="bbox 391 1265 1207 1303; baseline -0.001 -7"><span class='ocrx_word' id='word_1_109' title='bbox 391 1267 522 1297; x_wconf 85' lang='lat' dir='ltr'>caelitus</span> <span class='ocrx_word' id='word_1_110' title='bbox 1077 1265 1207 1303; x_wconf 68' lang='lat' dir='ltr'>caelica,</span> 
     </span>
     <span class='ocr_line' id='line_1_20' title="bbox 393 1313 1462 1353; baseline 0 -9"><span class='ocrx_word' id='word_1_111' title='bbox 393 1323 450 1353; x_wconf 81' lang='lat' dir='ltr'>per</span> <span class='ocrx_word' id='word_1_112' title='bbox 477 1314 586 1344; x_wconf 77' lang='lat' dir='ltr'>divina</span> <span class='ocrx_word' id='word_1_113' title='bbox 611 1313 767 1352; x_wconf 86' lang='lat' dir='ltr'>promissa</span> <span class='ocrx_word' id='word_1_114' title='bbox 1076 1317 1169 1352; x_wconf 87' lang='lat' dir='ltr'>pater</span> <span class='ocrx_word' id='word_1_115' title='bbox 1195 1317 1315 1351; x_wconf 88' lang='lat' dir='ltr'>sancte,</span> <span class='ocrx_word' id='word_1_116' title='bbox 1343 1313 1462 1352; x_wconf 84' lang='lat' dir='ltr'>gaudia</span> 
     </span>
     <span class='ocr_line' id='line_1_21' title="bbox 392 1360 1296 1400; baseline 0 -9"><span class='ocrx_word' id='word_1_117' title='bbox 392 1366 485 1400; x_wconf 73' lang='lat' dir='ltr'>atque</span> <span class='ocrx_word' id='word_1_118' title='bbox 512 1361 678 1400; x_wconf 76' lang='lat' dir='ltr'>colloquia,</span> <span class='ocrx_word' id='word_1_119' title='bbox 1075 1364 1107 1391; x_wconf 86' lang='lat' dir='ltr'>et</span> <span class='ocrx_word' id='word_1_120' title='bbox 1132 1360 1296 1392; x_wconf 86' lang='lat' dir='ltr'>beneficia.</span> 
     </span>
     <span class='ocr_line' id='line_1_22' title="bbox 278 1445 1524 1486; baseline -0.001 -8"><span class='ocrx_word' id='word_1_121' title='bbox 278 1447 320 1478; x_wconf 86' lang='lat'>10</span> <span class='ocrx_word' id='word_1_122' title='bbox 332 1455 360 1479; x_wconf 84' lang='lat' dir='ltr'>a.</span> <span class='ocrx_word' id='word_1_123' title='bbox 393 1446 512 1478; x_wconf 89' lang='lat' dir='ltr'>Christi</span> <span class='ocrx_word' id='word_1_124' title='bbox 537 1454 662 1486; x_wconf 80' lang='lat' dir='ltr'>semper</span> <span class='ocrx_word' id='word_1_125' title='bbox 687 1445 829 1478; x_wconf 88' lang='lat' dir='ltr'>salvifica</span> <span class='ocrx_word' id='word_1_126' title='bbox 964 1447 1005 1478; x_wconf 90' lang='lat'>10</span> <span class='ocrx_word' id='word_1_127' title='bbox 1018 1446 1046 1477; x_wconf 91' lang='lat' dir='ltr'>b.</span> <span class='ocrx_word' id='word_1_128' title='bbox 1080 1448 1166 1485; x_wconf 71' lang='lat' dir='ltr'>Quae</span> <span class='ocrx_word' id='word_1_129' title='bbox 1192 1455 1248 1478; x_wconf 93' lang='lat' dir='ltr'>nos</span> <span class='ocrx_word' id='word_1_130' title='bbox 1275 1456 1332 1478; x_wconf 87' lang='lat' dir='ltr'>sua</span> <span class='ocrx_word' id='word_1_131' title='bbox 1357 1447 1390 1477; x_wconf 89' lang='lat' dir='ltr'>in</span> <span class='ocrx_word' id='word_1_132' title='bbox 1417 1446 1524 1486; x_wconf 88' lang='lat' dir='ltr'>patria</span> 
     </span>
     <span class='ocr_line' id='line_1_23' title="bbox 394 1492 1465 1535; baseline 0.002 -11"><span class='ocrx_word' id='word_1_133' title='bbox 394 1493 484 1524; x_wconf 89' lang='lat' dir='ltr'>nobis</span> <span class='ocrx_word' id='word_1_134' title='bbox 511 1492 620 1525; x_wconf 85' lang='lat' dir='ltr'>confer</span> <span class='ocrx_word' id='word_1_135' title='bbox 644 1494 761 1535; x_wconf 85' lang='lat' dir='ltr'>munia,</span> <span class='ocrx_word' id='word_1_136' title='bbox 1082 1493 1209 1526; x_wconf 82' lang='lat' dir='ltr'>foveant</span> <span class='ocrx_word' id='word_1_137' title='bbox 1236 1504 1294 1534; x_wconf 81' lang='lat' dir='ltr'>per</span> <span class='ocrx_word' id='word_1_138' title='bbox 1320 1495 1465 1535; x_wconf 86' lang='lat' dir='ltr'>saecula;</span> 
     </span>
    </p>
   </div>
   <div class='ocr_carea' id='block_1_3' title="bbox 689 1579 1080 1660">
    <p class='ocr_par' dir='ltr' id='par_1_3' title="bbox 689 1579 1080 1660">
     <span class='ocr_line' id='line_1_24' title="bbox 689 1579 1029 1619; baseline -0.003 -7"><span class='ocrx_word' id='word_1_139' title='bbox 689 1580 742 1612; x_wconf 89' lang='lat'>11.</span> <span class='ocrx_word' id='word_1_140' title='bbox 775 1579 853 1612; x_wconf 91' lang='lat' dir='ltr'>Cum</span> <span class='ocrx_word' id='word_1_141' title='bbox 881 1589 942 1619; x_wconf 87' lang='lat' dir='ltr'>quo</span> <span class='ocrx_word' id='word_1_142' title='bbox 969 1579 1029 1613; x_wconf 87' lang='lat' dir='ltr'>tibi</span> 
     </span>
     <span class='ocr_line' id='line_1_25' title="bbox 777 1627 1080 1660; baseline 0.007 -2"><span class='ocrx_word' id='word_1_143' title='bbox 777 1627 846 1658; x_wconf 90' lang='lat' dir='ltr'>laus</span> <span class='ocrx_word' id='word_1_144' title='bbox 873 1628 914 1658; x_wconf 88' lang='lat' dir='ltr'>sit</span> <span class='ocrx_word' id='word_1_145' title='bbox 940 1632 1080 1660; x_wconf 89' lang='lat' dir='ltr'>aeterna.</span> 
     </span>
    </p>
   </div>
   <div class='ocr_carea' id='block_1_4' title="bbox 275 1711 1590 2049">
    <p class='ocr_par' dir='ltr' id='par_1_4' title="bbox 275 1711 1590 2049">
     <span class='ocr_line' id='line_1_26' title="bbox 350 1711 1588 1749; baseline 0.003 -11"><span class='ocrx_word' id='word_1_146' title='bbox 350 1713 518 1743; x_wconf 69' lang='lat' dir='ltr'>browerus,</span> <span class='ocrx_word' id='word_1_147' title='bbox 550 1711 748 1746; x_wconf 77' lang='lat' dir='ltr'>Antiquitates</span> <span class='ocrx_word' id='word_1_148' title='bbox 771 1715 799 1739; x_wconf 87' lang='lat' dir='ltr'>et</span> <span class='ocrx_word' id='word_1_149' title='bbox 819 1712 951 1739; x_wconf 77' lang='lat' dir='ltr'>Annales</span> <span class='ocrx_word' id='word_1_150' title='bbox 973 1713 1162 1740; x_wconf 83' lang='lat' dir='ltr'>Trevirenses</span> <span class='ocrx_word' id='word_1_151' title='bbox 1183 1714 1212 1745; x_wconf 88' lang='lat'>1,</span> <span class='ocrx_word' id='word_1_152' title='bbox 1236 1723 1262 1749; x_wconf 87' lang='lat' dir='ltr'>p.</span> <span class='ocrx_word' id='word_1_153' title='bbox 1293 1712 1344 1741; x_wconf 86' lang='lat'>161</span> <span class='ocrx_word' id='word_1_154' title='bbox 1374 1722 1417 1749; x_wconf 84' lang='lat' dir='ltr'>sq.</span> <span class='ocrx_word' id='word_1_155' title='bbox 1443 1715 1497 1741; x_wconf 87' lang='lat' dir='ltr'>mit</span> <span class='ocrx_word' id='word_1_156' title='bbox 1521 1714 1588 1742; x_wconf 88' lang='lat' dir='ltr'>dem</span> 
     </span>
     <span class='ocr_line' id='line_1_27' title="bbox 275 1750 1588 1788; baseline 0.004 -13"><span class='ocrx_word' id='word_1_157' title='bbox 275 1750 432 1776; x_wconf 74' lang='lat' dir='ltr'>Vermerk:</span> <span class='ocrx_word' id='word_1_158' title='bbox 458 1750 574 1783; x_wconf 81' lang='lat' dir='ltr'>„Reddo</span> <span class='ocrx_word' id='word_1_159' title='bbox 597 1750 642 1776; x_wconf 83' lang='lat' dir='ltr'>hie</span> <span class='ocrx_word' id='word_1_160' title='bbox 664 1753 859 1785; x_wconf 84' lang='lat' dir='ltr'>pervetustam</span> <span class='ocrx_word' id='word_1_161' title='bbox 881 1751 916 1777; x_wconf 88' lang='lat' dir='ltr'>de</span> <span class='ocrx_word' id='word_1_162' title='bbox 937 1752 965 1778; x_wconf 77' lang='lat' dir='ltr'>S.</span> <span class='ocrx_word' id='word_1_163' title='bbox 984 1751 1103 1778; x_wconf 84' lang='lat' dir='ltr'>Valerio</span> <span class='ocrx_word' id='word_1_164' title='bbox 1126 1751 1324 1786; x_wconf 81' lang='lat' dir='ltr'>hymnodiam,</span> <span class='ocrx_word' id='word_1_165' title='bbox 1346 1761 1434 1787; x_wconf 82' lang='lat' dir='ltr'>qnam</span> <span class='ocrx_word' id='word_1_166' title='bbox 1455 1754 1588 1788; x_wconf 78' lang='lat' dir='ltr'>antiquis</span> 
     </span>
     <span class='ocr_line' id='line_1_28' title="bbox 275 1787 1586 1825; baseline 0.003 -11"><span class='ocrx_word' id='word_1_167' title='bbox 275 1787 472 1814; x_wconf 79' lang='lat' dir='ltr'>bibliothecae</span> <span class='ocrx_word' id='word_1_168' title='bbox 490 1788 518 1814; x_wconf 78' lang='lat' dir='ltr'>S.</span> <span class='ocrx_word' id='word_1_169' title='bbox 533 1787 674 1814; x_wconf 83' lang='lat' dir='ltr'>Eucharii</span> <span class='ocrx_word' id='word_1_170' title='bbox 695 1789 872 1815; x_wconf 82' lang='lat' dir='ltr'>membranis</span> <span class='ocrx_word' id='word_1_171' title='bbox 887 1790 1057 1824; x_wconf 84' lang='lat' dir='ltr'>inscriptam</span> <span class='ocrx_word' id='word_1_172' title='bbox 1073 1790 1108 1816; x_wconf 90' lang='lat' dir='ltr'>ad</span> <span class='ocrx_word' id='word_1_173' title='bbox 1124 1793 1256 1825; x_wconf 87' lang='lat' dir='ltr'>posteros</span> <span class='ocrx_word' id='word_1_174' title='bbox 1271 1791 1430 1817; x_wconf 85' lang='lat' dir='ltr'>transmitti</span> <span class='ocrx_word' id='word_1_175' title='bbox 1446 1791 1586 1825; x_wconf 77' lang='lat' dir='ltr'>placuit.“</span> 
     </span>
     <span class='ocr_line' id='line_1_29' title="bbox 279 1826 1589 1862; baseline 0.004 -11"><span class='ocrx_word' id='word_1_176' title='bbox 279 1826 383 1852; x_wconf 82' lang='lat' dir='ltr'>Leider</span> <span class='ocrx_word' id='word_1_177' title='bbox 411 1827 449 1852; x_wconf 88' lang='lat' dir='ltr'>ist</span> <span class='ocrx_word' id='word_1_178' title='bbox 477 1835 506 1852; x_wconf 80' lang='lat' dir='ltr'>es</span> <span class='ocrx_word' id='word_1_179' title='bbox 533 1828 588 1852; x_wconf 86' lang='lat' dir='ltr'>mir</span> <span class='ocrx_word' id='word_1_180' title='bbox 609 1826 691 1853; x_wconf 82' lang='lat' dir='ltr'>nieht</span> <span class='ocrx_word' id='word_1_181' title='bbox 720 1827 880 1862; x_wconf 78' lang='lat' dir='ltr'>gelungen,</span> <span class='ocrx_word' id='word_1_182' title='bbox 910 1827 990 1854; x_wconf 86' lang='lat' dir='ltr'>diese</span> <span class='ocrx_word' id='word_1_183' title='bbox 1018 1827 1087 1854; x_wconf 84' lang='lat' dir='ltr'>oder</span> <span class='ocrx_word' id='word_1_184' title='bbox 1113 1829 1178 1854; x_wconf 88' lang='lat' dir='ltr'>eine</span> <span class='ocrx_word' id='word_1_185' title='bbox 1200 1829 1307 1855; x_wconf 84' lang='lat' dir='ltr'>andere</span> <span class='ocrx_word' id='word_1_186' title='bbox 1328 1829 1589 1857; x_wconf 79' lang='lat' dir='ltr'>handschriftliche</span> 
     </span>
     <span class='ocr_line' id='line_1_30' title="bbox 279 1864 1590 1901; baseline 0.004 -12"><span class='ocrx_word' id='word_1_187' title='bbox 279 1864 383 1896; x_wconf 73' lang='lat' dir='ltr'>Quelle</span> <span class='ocrx_word' id='word_1_188' title='bbox 420 1865 465 1890; x_wconf 79' lang='lat' dir='ltr'>ffn·</span> <span class='ocrx_word' id='word_1_189' title='bbox 498 1864 690 1891; x_wconf 76' lang='lat' dir='ltr'>vorstehendc</span> <span class='ocrx_word' id='word_1_190' title='bbox 721 1865 854 1900; x_wconf 74' lang='lat' dir='ltr'>Sequenz</span> <span class='ocrx_word' id='word_1_191' title='bbox 888 1865 1080 1892; x_wconf 76' lang='lat' dir='ltr'>aufzufindeu.</span> <span class='ocrx_word' id='word_1_192' title='bbox 1111 1880 1147 1884; x_wconf 97' lang='lat'><strong>—</strong></span> <span class='ocrx_word' id='word_1_193' title='bbox 1178 1866 1305 1894; x_wconf 81' lang='lat' dir='ltr'>Melodie</span> <span class='ocrx_word' id='word_1_194' title='bbox 1339 1867 1470 1893; x_wconf 83' lang='lat' dir='ltr'>offenbar</span> <span class='ocrx_word' id='word_1_195' title='bbox 1502 1868 1590 1901; x_wconf 83' lang='lat' dir='ltr'>„Eia</span> 
     </span>
     <span class='ocr_line' id='line_1_31' title="bbox 276 1901 1588 1940; baseline 0.005 -13"><span class='ocrx_word' id='word_1_196' title='bbox 276 1905 336 1928; x_wconf 80' lang='lat' dir='ltr'>tur</span> <span class='ocrx_word' id='word_1_197' title='bbox 349 1912 374 1927; x_wconf 78' lang='lat'>11¹</span> <span class='ocrx_word' id='word_1_198' title='bbox 386 1902 419 1929; x_wconf 68' lang='lat' dir='ltr'>a“&#39;</span> <span class='ocrx_word' id='word_1_199' title='bbox 441 1903 511 1937; x_wconf 65' lang='lat' dir='ltr'>ivgl.</span> <span class='ocrx_word' id='word_1_200' title='bbox 534 1903 606 1929; x_wconf 84' lang='lat' dir='ltr'>oben</span> <span class='ocrx_word' id='word_1_201' title='bbox 623 1903 672 1929; x_wconf 82' lang='lat' dir='ltr'>Nr.</span> <span class='ocrx_word' id='word_1_202' title='bbox 695 1901 770 1936; x_wconf 80' lang='lat'>277),</span> <span class='ocrx_word' id='word_1_203' title='bbox 791 1912 809 1928; x_wconf 74' lang='lat' dir='ltr'>n</span> <span class='ocrx_word' id='word_1_204' title='bbox 818 1911 849 1929; x_wconf 86' lang='lat' dir='ltr'>as</span> <span class='ocrx_word' id='word_1_205' title='bbox 864 1904 1026 1935; x_wconf 83' lang='lat' dir='ltr'>Browerus,</span> <span class='ocrx_word' id='word_1_206' title='bbox 1048 1905 1103 1930; x_wconf 89' lang='lat' dir='ltr'>wie</span> <span class='ocrx_word' id='word_1_207' title='bbox 1124 1904 1306 1939; x_wconf 81' lang='lat' dir='ltr'>begreiflich.</span> <span class='ocrx_word' id='word_1_208' title='bbox 1328 1905 1409 1932; x_wconf 81' lang='lat' dir='ltr'>nicht</span> <span class='ocrx_word' id='word_1_209' title='bbox 1431 1905 1588 1940; x_wconf 73' lang='lat' dir='ltr'>erkannte3</span> 
     </span>
     <span class='ocr_line' id='line_1_32' title="bbox 278 1939 1587 1978; baseline 0.004 -12"><span class='ocrx_word' id='word_1_210' title='bbox 278 1940 368 1966; x_wconf 77' lang='lat' dir='ltr'>daher</span> <span class='ocrx_word' id='word_1_211' title='bbox 396 1939 470 1966; x_wconf 80' lang='lat' dir='ltr'>auch</span> <span class='ocrx_word' id='word_1_212' title='bbox 497 1941 584 1967; x_wconf 60' lang='lat' dir='ltr'>&amp;flers</span> <span class='ocrx_word' id='word_1_213' title='bbox 611 1941 657 1967; x_wconf 81' lang='lat' dir='ltr'>bei</span> <span class='ocrx_word' id='word_1_214' title='bbox 679 1941 738 1967; x_wconf 88' lang='lat' dir='ltr'>ihm</span> <span class='ocrx_word' id='word_1_215' title='bbox 760 1941 870 1968; x_wconf 82' lang='lat' dir='ltr'>falsehe</span> <span class='ocrx_word' id='word_1_216' title='bbox 892 1942 1128 1977; x_wconf 74' lang='lat' dir='ltr'>Versabteilung.</span> <span class='ocrx_word' id='word_1_217' title='bbox 1149 1957 1186 1961; x_wconf 92' lang='lat'>-—</span> <span class='ocrx_word' id='word_1_218' title='bbox 1207 1941 1267 1973; x_wconf 70' lang='lat'>33,</span> <span class='ocrx_word' id='word_1_219' title='bbox 1292 1942 1311 1969; x_wconf 89' lang='grc'>4</span> <span class='ocrx_word' id='word_1_220' title='bbox 1331 1943 1455 1970; x_wconf 85' lang='lat' dir='ltr'>ludrica.</span> <span class='ocrx_word' id='word_1_221' title='bbox 1477 1959 1511 1963; x_wconf 92' lang='lat'>-—</span> <span class='ocrx_word' id='word_1_222' title='bbox 1536 1943 1587 1978; x_wconf 84' lang='grc'>31),</span> 
     </span>
     <span class='ocr_line' id='line_1_33' title="bbox 281 1976 1588 2016; baseline 0.005 -12"><span class='ocrx_word' id='word_1_223' title='bbox 281 1976 293 2004; x_wconf 98' lang='grc'>1</span> <span class='ocrx_word' id='word_1_224' title='bbox 316 1980 366 2012; x_wconf 91' lang='lat' dir='ltr'>qui</span> <span class='ocrx_word' id='word_1_225' title='bbox 389 1979 453 2005; x_wconf 87' lang='lat' dir='ltr'>fuit.</span> <span class='ocrx_word' id='word_1_226' title='bbox 475 1993 511 1996; x_wconf 97' lang='lat'><strong>—</strong></span> <span class='ocrx_word' id='word_1_227' title='bbox 533 1977 584 2009; x_wconf 87' lang='grc'>61),</span> <span class='ocrx_word' id='word_1_228' title='bbox 609 1978 622 2005; x_wconf 94' lang='grc'>1</span> <span class='ocrx_word' id='word_1_229' title='bbox 639 1979 713 2006; x_wconf 83' lang='lat' dir='ltr'>Ama</span> <span class='ocrx_word' id='word_1_230' title='bbox 735 1982 770 2006; x_wconf 90' lang='lat' dir='ltr'>et.</span> <span class='ocrx_word' id='word_1_231' title='bbox 792 1994 828 1999; x_wconf 90' lang='lat'>—</span> <span class='ocrx_word' id='word_1_232' title='bbox 851 1978 899 2012; x_wconf 62' lang='lat' dir='ltr'>Sa,</span> <span class='ocrx_word' id='word_1_233' title='bbox 921 1978 938 2006; x_wconf 88' lang='grc'><strong>2</strong></span> <span class='ocrx_word' id='word_1_234' title='bbox 960 1989 1025 2015; x_wconf 85' lang='lat' dir='ltr'>spes</span> <span class='ocrx_word' id='word_1_235' title='bbox 1046 1989 1162 2015; x_wconf 89' lang='lat' dir='ltr'>quoque</span> <span class='ocrx_word' id='word_1_236' title='bbox 1184 1983 1320 2008; x_wconf 86' lang='lat' dir='ltr'>maxima.</span> <span class='ocrx_word' id='word_1_237' title='bbox 1342 1998 1379 2002; x_wconf 91' lang='lat'>—</span> <span class='ocrx_word' id='word_1_238' title='bbox 1400 1980 1451 2015; x_wconf 84' lang='grc'>81),</span> <span class='ocrx_word' id='word_1_239' title='bbox 1475 1981 1489 2009; x_wconf 96' lang='grc'>1</span> <span class='ocrx_word' id='word_1_240' title='bbox 1505 1984 1588 2016; x_wconf 80' lang='lat' dir='ltr'>Quae</span> 
     </span>
     <span class='ocr_line' id='line_1_34' title="bbox 277 2015 671 2049; baseline 0.003 -7"><span class='ocrx_word' id='word_1_241' title='bbox 277 2020 354 2042; x_wconf 80' lang='lat' dir='ltr'>sunt.</span> <span class='ocrx_word' id='word_1_242' title='bbox 377 2032 413 2035; x_wconf 97' lang='lat'><strong>—</strong></span> <span class='ocrx_word' id='word_1_243' title='bbox 438 2015 506 2049; x_wconf 82' lang='lat' dir='ltr'>lob,</span> <span class='ocrx_word' id='word_1_244' title='bbox 528 2015 546 2043; x_wconf 89' lang='lat'><strong>3</strong></span> <span class='ocrx_word' id='word_1_245' title='bbox 566 2017 671 2044; x_wconf 83' lang='lat' dir='ltr'>foveat.</span> 
     </span>
    </p>
   </div>
   <div class='ocr_carea' id='block_1_5' title="bbox 723 2167 1136 2201">
    <p class='ocr_par' dir='ltr' id='par_1_5' title="bbox 723 2167 1136 2201">
     <span class='ocr_line' id='line_1_35' title="bbox 723 2167 1136 2201; baseline 0.01 -4"><span class='ocrx_word' id='word_1_246' title='bbox 723 2167 784 2198; x_wconf 80' lang='lat'><strong>314.</strong></span> <span class='ocrx_word' id='word_1_247' title='bbox 806 2169 849 2199; x_wconf 77' lang='lat' dir='ltr'>De</span> <span class='ocrx_word' id='word_1_248' title='bbox 871 2172 978 2200; x_wconf 81' lang='lat' dir='ltr'>sancto</span> <span class='ocrx_word' id='word_1_249' title='bbox 1002 2169 1136 2201; x_wconf 69' lang='lat' dir='ltr'>Verane.</span> 
     </span>
    </p>
   </div>
   <div class='ocr_carea' id='block_1_6' title="bbox 295 2278 1511 2458">
    <p class='ocr_par' dir='ltr' id='par_1_6' title="bbox 295 2278 1511 2458">
     <span class='ocr_line' id='line_1_36' title="bbox 295 2278 1447 2318; baseline 0.004 -8"><span class='ocrx_word' id='word_1_250' title='bbox 295 2278 311 2310; x_wconf 90' lang='lat'>1</span> <span class='ocrx_word' id='word_1_251' title='bbox 328 2287 356 2310; x_wconf 85' lang='lat' dir='ltr'>a.</span> <span class='ocrx_word' id='word_1_252' title='bbox 392 2278 530 2317; x_wconf 89' lang='lat' dir='ltr'>Superni</span> <span class='ocrx_word' id='word_1_253' title='bbox 555 2278 658 2317; x_wconf 82' lang='lat' dir='ltr'>patris</span> <span class='ocrx_word' id='word_1_254' title='bbox 678 2278 781 2318; x_wconf 85' lang='lat' dir='ltr'>gratia</span> <span class='ocrx_word' id='word_1_255' title='bbox 987 2279 1048 2313; x_wconf 88' lang='lat' dir='ltr'>lb.</span> <span class='ocrx_word' id='word_1_256' title='bbox 1079 2281 1199 2312; x_wconf 87' lang='lat' dir='ltr'>Verani</span> <span class='ocrx_word' id='word_1_257' title='bbox 1227 2291 1297 2313; x_wconf 80' lang='lat' dir='ltr'>eum</span> <span class='ocrx_word' id='word_1_258' title='bbox 1321 2283 1447 2316; x_wconf 86' lang='lat' dir='ltr'>laetitia</span> 
     </span>
     <span class='ocr_line' id='line_1_37' title="bbox 391 2325 1511 2371; baseline 0.007 -14"><span class='ocrx_word' id='word_1_259' title='bbox 391 2325 489 2358; x_wconf 89' lang='lat' dir='ltr'>Fulta</span> <span class='ocrx_word' id='word_1_260' title='bbox 514 2330 617 2357; x_wconf 86' lang='lat' dir='ltr'>mater</span> <span class='ocrx_word' id='word_1_261' title='bbox 643 2326 779 2358; x_wconf 83' lang='lat' dir='ltr'>ecclesia</span> <span class='ocrx_word' id='word_1_262' title='bbox 1077 2328 1164 2361; x_wconf 84' lang='lat' dir='ltr'>Vera</span> <span class='ocrx_word' id='word_1_263' title='bbox 1189 2334 1309 2371; x_wconf 85' lang='lat' dir='ltr'>pangat</span> <span class='ocrx_word' id='word_1_264' title='bbox 1334 2331 1511 2367; x_wconf 86' lang='lat' dir='ltr'>sollemnia.</span> 
     </span>
     <span class='ocr_line' id='line_1_38' title="bbox 300 2412 1488 2458; baseline 0.009 -16"><span class='ocrx_word' id='word_1_265' title='bbox 300 2412 359 2444; x_wconf 84' lang='lat' dir='ltr'>2a.</span> <span class='ocrx_word' id='word_1_266' title='bbox 391 2412 427 2443; x_wconf 91' lang='lat' dir='ltr'>In</span> <span class='ocrx_word' id='word_1_267' title='bbox 453 2412 513 2444; x_wconf 89' lang='lat' dir='ltr'>hac</span> <span class='ocrx_word' id='word_1_268' title='bbox 538 2413 598 2444; x_wconf 86' lang='lat' dir='ltr'>iste</span> <span class='ocrx_word' id='word_1_269' title='bbox 624 2413 753 2445; x_wconf 87' lang='lat' dir='ltr'>miseria</span> <span class='ocrx_word' id='word_1_270' title='bbox 987 2415 1047 2448; x_wconf 92' lang='lat' dir='ltr'>2b.</span> <span class='ocrx_word' id='word_1_271' title='bbox 1078 2415 1258 2449; x_wconf 86' lang='lat' dir='ltr'>Miserendi</span> <span class='ocrx_word' id='word_1_272' title='bbox 1282 2418 1336 2458; x_wconf 88' lang='lat' dir='ltr'>qui</span> <span class='ocrx_word' id='word_1_273' title='bbox 1362 2419 1488 2453; x_wconf 83' lang='lat' dir='ltr'>viscera.</span> 
     </span>
    </p>
   </div>
   <div class='ocr_carea' id='block_1_7' title="bbox 389 2459 1538 2508">
    <p class='ocr_par' dir='ltr' id='par_1_7' title="bbox 389 2459 1538 2508">
     <span class='ocr_line' id='line_1_39' title="bbox 389 2459 1538 2508; baseline 0.01 -17"><span class='ocrx_word' id='word_1_274' title='bbox 389 2459 496 2492; x_wconf 87' lang='lat' dir='ltr'>Fulsit</span> <span class='ocrx_word' id='word_1_275' title='bbox 521 2461 755 2505; x_wconf 86' lang='lat' dir='ltr'>misericordia,</span> <span class='ocrx_word' id='word_1_276' title='bbox 1079 2463 1167 2496; x_wconf 83' lang='lat' dir='ltr'>Tulit</span> <span class='ocrx_word' id='word_1_277' title='bbox 1194 2474 1263 2497; x_wconf 86' lang='lat' dir='ltr'>cum</span> <span class='ocrx_word' id='word_1_278' title='bbox 1291 2471 1386 2508; x_wconf 84' lang='lat' dir='ltr'>gente</span> <span class='ocrx_word' id='word_1_279' title='bbox 1407 2469 1538 2506; x_wconf 78' lang='lat' dir='ltr'>misera.</span> 
     </span>
    </p>
   </div>
  </div>
 </body>
</html>
