1655 2713
681 164 942 199 —215-

169 253 230 286 23.
263 253 367 286 Natus
393 255 425 288 in
448 257 626 299 Pannonia,

262 302 358 334 Altus
383 303 416 335 in
443 305 549 344 Italia,

312 350 471 384 Patronus
497 353 529 386 in
556 354 675 397 Gallia,

168 455 228 487 3a.
263 455 391 487 Partem
419 458 467 489 sui
494 460 585 498 pallii

263 504 358 537 Caesi
385 503 473 537 ferro
498 507 598 547 gladii

311 551 408 585 Nudo
436 553 527 586 dedit
553 556 668 599 obvi0;

170 659 231 691 4a.
263 657 299 688 In
327 658 469 690 latrones
496 661 620 695 incidit.

264 706 327 738 Per
353 706 437 738 hunc
464 708 550 740 latro
577 710 728 750 credidit,

311 754 404 786 Illico
431 756 617 789 christicola

163 862 182 892 5
197 868 228 892 3.
260 859 296 891 ln
321 859 425 892 tribus
452 862 597 894 ecclesiis

161 1063 226 1095 6a.

258 907 405 939 Diversis
432 909 544 949 litigiis

309 956 471 988 Martinus
498 958 637 998 eligitur,

258 1063 283 1095 O
311 1072 405 1103 quam
433 1062 511 1095 felix
539 1066 670 1106 civitas,

261 1110 359 1143 Cuius
389 1111 468 1143 baec
495 1113 715 1147 sollemnitas!

309 1159 334 1192 Ο
361 1169 454 1200 quam
482 1160 560 1193 felix
588 1163 704 1205 patria,

163 1266 223 1298 7a.
256 1265 325 1297 Hos
353 1271 445 1298 curat
472 1277 491 1299 a
518 1266 675 1309 febribus,

260 1314 338 1346 Illos
365 1324 384 1347 3
411 1316 632 1359 daemonibus,

308 1363 449 1396 Currunt
476 1365 667 1404 paralytici3

165 1468 223 1500 Sa.
255 1468 350 1501 Fusis
377 1470 446 1502 Deo
473 1471 624 1510 precibus

232 1538 235 1542 r
257 1517 334 1550 Cum
363 1519 505 1550 lacrimis
531 1519 680 1551 dulcibus

305 1566 452 1598 Mortuos
479 1571 546 1599 tres
572 1569 716 1601 suscitat.

160 1672 221 1704 9a.
254 1672 352 1704 Veste
380 1673 455 1705 data
482 1676 616 1714 pauperi

135 1875 219 1908 10a.

132 2081 215 2114 113.

129 2285 172 2319 12
186 2295 215 2318 3.

255 1721 376 1761 Empto
402 1731 510 1762 panno
536 1724 637 1754 veteri

305 1769 346 1802 Se
372 1770 534 1802 Martinus
560 1771 684 1810 induit;

251 1875 368 1908 Omnes
396 1875 487 1917 fugat
514 1877 674 1917 haereses,

257 1924 400 1957 visitans
428 1926 592 1958 dioeceses

307 1973 371 2006 Dat
398 1983 511 2014 pacem
539 1975 694 2009 ecclesiis

249 2081 359 2114 Oculis
386 2090 424 2113 ac
451 2082 598 2113 manibus

252 2129 361 2170 Atque
388 2130 464 2162 totis
492 2130 615 2162 viribus

299 2179 336 2210 ln
364 2178 486 2210 caelum
513 2179 659 2219 erigitur.

251 2285 309 2324 Te,
335 2285 490 2325 Martiae,
517 2285 667 2327 petimus,

249 2334 354 2374 Quod⁷
381 2334 409 2366 si
435 2334 531 2374 petis,
558 2333 674 2366 ibimus

299 2383 353 2416 Ad
381 2383 460 2415 caeli
488 2383 622 2423 palatia.

867 262 928 297 2b.

867 464 928 497 3b.

863 665 927 697 4b.

864 868 882 898 5
894 866 926 899 b.

867 1067 927 1102 6b.

860 1270 922 1305 7b.

861 1473 921 1505 8b.

856 1675 919 1708 9b.

843 1879 883 1911 10
896 1878 927 1912 b.

834 2081 918 2115 11b.

839 2287 880 2319 12
893 2285 924 2321 b.

961 262 1097 296 Sanctus
1122 263 1162 296 ab
1189 262 1338 302 infantia,

962 311 1102 344 Mundus
1128 312 1160 343 in
1187 311 1301 343 militia

1010 361 1106 392 Miles
1132 364 1243 392 contra
1269 359 1357 401 vitia,

961 467 1028 505 Qua
1055 470 1157 497 tectus
1184 466 1335 506 apparuit

963 513 1110 546 Christus
1137 514 1262 546 dicens:
1291 514 1401 547 Induit

1010 562 1063 593 Me
1090 563 1250 594 Martinus
1277 562 1387 602 pallio.

959 666 1069 698 Rediit
1094 667 1125 698 in
1154 668 1302 707 patriam,

958 714 1058 746 Matri
1086 715 1211 747 confert
1238 716 1393 756 gratiam3

1007 763 1104 794 Pater
1130 764 1209 795 colit
1238 764 1335 796 idola.

959 867 1102 898 Tandem
1132 868 1190 899 Dei
1218 870 1323 911 gratia

960 915 1091 947 Praesul
1118 917 1149 947 in
1177 918 1319 948 Tui-onia

1007 964 1201 1003 Repugnans
1229 964 1380 998 efficitur.

960 1069 1057 1101 Cuius
1085 1070 1264 1109 patrocinio

963 1116 1064 1148 Pollet
1092 1121 1123 1148 et
1149 1118 1279 1154 auxilio.¹

1009 1165 1136 1197 Meritis
1162 1170 1193 1197 et
1218 1167 1341 1206 gratia!

955 1271 1047 1303 Salus
1076 1271 1171 1303 datur
1193 1272 1352 1314 omnibus,

955 1320 1014 1359 Qui
1040 1325 1114 1351 sunt
1140 1321 1217 1352 tacti
1243 1321 1390 1353 manibus

1004 1368 1168 1408 Spiritalis
1197 1369 1323 1402 medici.

955 1474 1017 1505 Hic
1044 1475 1075 1505 in
1103 1484 1199 1506 carne
1226 1476 1361 1516 positus,

956 1522 1034 1553 Eius
1060 1531 1187 1562 semper
1214 1524 1346 1563 spiritus

1005 1571 1041 1602 In
1069 1571 1216 1610 supernis
1244 1571 1377 1603 habitat.

952 1675 1034 1707 Dum
1062 1681 1169 1708 sacrat
1195 1678 1359 1717 mysteria,

954 1724 1100 1755 Christus
1128 1725 1213 1757 nuda
1241 1725 1373 1758 brachia

1001 1773 1142 1806 Caelitus
1169 1775 1306 1813 operuit.

960 1879 1038 1910 Mox
1064 1888 1218 1912 accensus
1245 1879 1401 1921 febribus,

958 1928 1071 1960 Iacens
1098 1928 1130 1959 in
1157 1929 1328 1971 cineribus

1007 1976 1141 2008 Indutus
1169 1978 1282 2009 ciliciis

951 2082 1049 2115 Satan
1076 2088 1184 2124 torpet
1209 2085 1298 2125 odio,

953 2131 1034 2163 Nam
1061 2132 1213 2164 Abrahae
1240 2134 1361 2173 gremio

1000 2180 1161 2212 Martinus
1187 2182 1356 2221 excipitur.

958 2287 1045 2327 Ergo
1072 2287 1134 2318 tuis
1163 2286 1314 2327 precibus

957 2335 1060 2367 Detur
1086 2335 1178 2366 nobis
1205 2336 1352 2367 omnibus

1000 2384 1209 2416 Peccatorum
1233 2386 1336 2417 venia.

204 2488 290 2516 Miss.
311 2489 483 2516 Mutinense
505 2490 575 2525 imp.
596 2487 774 2525 Rothomagi
799 2486 880 2516 1516.
902 2503 940 2508 -
961 2487 1012 2521 23,
1034 2487 1051 2516 2
1075 2487 1183 2517 Alitus.
1204 2505 1242 2509 —
1266 2489 1328 2523 llb,
1357 2489 1368 2518 1
1393 2492 1466 2520 otio.
