1655 2713
676 144 935 180 -109—

567 275 621 306 112.
661 275 705 308 De
726 278 836 308 saneto
857 277 1042 310 Domitiano.

162 349 222 383 la.
256 349 484 385 Confessorum
511 356 590 398 regi,
617 356 758 397 Christo,

258 397 347 431 Grex
373 401 530 434 iustorum
558 403 610 436 die
635 405 698 437 isto

304 447 453 480 Laudum
479 450 534 482 det
559 453 742 491 praeconia.

157 535 220 567 2a.
253 535 313 574 Qui
340 536 508 569 Gallorum
537 539 651 572 doctor
677 550 774 573 sanus

255 583 370 616 Dictus
395 590 444 617 est
470 586 674 620 Domitianus

302 632 420 666 Mundi
446 635 580 667 domans
607 637 708 678 vitia3

159 718 220 751 3a.
251 718 306 750 Ad
334 719 487 752 honorem
514 723 719 761 praesulatus

257 766 299 799 Et
327 767 477 800 Traiecto
503 770 685 809 postulatus

307 816 452 848 Functus
478 818 660 850 sacerdotio

156 903 219 935 4a.
251 902 394 934 Turbam
423 904 527 943 pascit
552 913 723 944 egenorum

256 950 334 982 Pius
360 955 456 991 pater
480 952 696 992 orphanorum

300 999 459 1031 Probatus
485 1009 545 1040 per
570 1002 684 1033 omnia.

155 1088 215 1118 5a.
247 1085 298 1117 Ex
326 1086 446 1117 virtute
473 1086 603 1118 deitatis

249 1133 373 1165 Reddit
399 1138 488 1166 tutae
514 1136 662 1168 sanitatis

298 1182 477 1224 Languidis
505 1184 659 1216 remedia.

152 1268 214 1300 62.
245 1268 444 1300 Emendatos
471 1270 673 1311 christianos,

248 1315 472 1358 Confirmatos‚
499 1317 564 1350 fide
590 1329 696 1357 sanos,

294 1364 398 1397 Durat
426 1374 465 1398 ex
491 1366 639 1407 perfidia.

152 1450 212 1482 7a.
243 1451 391 1491 Anguem
419 1450 508 1493 fugat
534 1458 729 1485 venenatum

245 1499 373 1531 Vulnus
399 1505 492 1532 sanat
518 1501 720 1533 vulneratum

294 1547 469 1579 Daemonis
495 1549 615 1581 astutia

154 1633 216 1667 8a.
247 1632 366 1665 Servus
393 1635 536 1674 prudens
562 1639 593 1667 et
615 1635 722 1668 fidelis

249 1681 441 1714 consolatus
469 1687 516 1715 est
551 1683 591 1715 de
617 1685 714 1717 caelis

296 1730 356 1762 Dei
383 1731 599 1771 providentia.

149 1817 209 1849 9a.
241 1817 367 1857 Corpus
395 1818 490 1858 digne
516 1820 703 1859 tumulatum

245 1864 338 1897 Salus
364 1867 470 1907 aegris
497 1873 668 1908 reparatur

291 1915 386 1947 Peste
414 1916 536 1956 pressis
563 1917 662 1951 varia.

840 359 902 393 lb.

836 542 899 575 2b.

839 724 899 757 3b.

834 907 898 939 4b.

830 1089 891 1123 5b.

824 1272 886 1305 6b.

829 1455 890 1488 7b.

829 1637 891 1671 sb.

824 1821 886 1855 9b.

933 359 1130 392 Domitorem
1158 359 1318 398 vitiorum,

928 407 1049 440 Domus
1077 408 1178 439 civem
1204 417 1416 448 supernorum

978 455 1131 489 Celebret
1156 456 1302 488 ecclesia.

933 544 1030 576 Clara
1056 544 1157 584 stirpe
1179 548 1382 586 procreatus,

932 591 1016 632 Vita,
1044 592 1108 624 fide
1136 593 1304 624 decoratus

981 640 1101 671 Christi
1129 639 1217 672 fulsit
1244 641 1359 681 gratia.

932 725 1064 757 Terram
1092 726 1207 758 lustrat
1232 727 1281 758 vir
1308 727 1453 770 insignis,

935 772 1069 805 Gentem
1078 775 1191 813 salvat,
1201 775 1350 814 splendet
1359 775 1471 816 signis,

983 821 1093 854 Novae
1117 823 1197 854 lucis
1223 823 1324 855 radio.

933 907 1003 939 Deo
1028 917 1142 947 preces
1168 909 1261 940 offert
1287 910 1387 950 iuges,

931 955 1051 987 Fundit
1066 957 1195 994 imbres,
1211 957 1337 989 confert
1348 956 1456 998 fruges

980 1004 1072 1035 Vitae
1100 1005 1260 1038 victualia.

1461 984 1469 999 7

928 1090 1068 1121 Visitans
1095 1091 1304 1123 Aurelianum

925 1139 1163 1179 perversorem,
1192 1139 1307 1180 dogma
1326 1150 1441 1172 vanum

973 1186 1107 1226 Depulit
1132 1197 1151 1219 a
1177 1189 1294 1227 patria.

920 1273 1042 1304 Horum
1070 1274 1223 1306 mundum
1251 1275 1426 1315 disciplina

922 1321 1050 1353 Docens
1078 1323 1181 1362 replet
1208 1326 1240 1354 et
1267 1324 1375 1356 divina

968 1369 1108 1410 Spiritus
1136 1371 1315 1404 clementia.

922 1457 1058 1488 Fontem
1088 1455 1163 1489 facit
1191 1459 1376 1498 salutarem,

924 1503 1068 1536 Laudem
1095 1504 1177 1546 fugit
1201 1507 1396 1539 saecularem

970 1552 1110 1585 Humilis
1138 1556 1326 1587 constantia.

923 1639 1010 1670 Pane
1037 1640 1108 1671 vivo
1136 1640 1336 1673 confortatus

924 1688 1028 1721 Carne
1055 1689 1139 1721 liber
1165 1694 1213 1721 est
1239 1691 1415 1723 translatus

970 1737 1023 1768 Ad
1049 1742 1233 1770 sanctorum
1260 1739 1386 1780 gaudia.

919 1823 980 1854 Hic
1000 1824 1031 1855 in
1052 1826 1174 1857 cunctis
1190 1826 1338 1869 clemens,
1358 1826 1460 1859 bonus

919 1872 1036 1904 Pastor
1062 1874 1168 1914 gregis
1196 1879 1226 1906 et
1252 1879 1408 1915 patronus

967 1921 1092 1954 Colitur
1118 1932 1188 1956 cum
1215 1924 1326 1963 gloria.

123 1999 206 2033 10a.
238 1999 356 2033 Sancte
381 2003 511 2042 praesul
530 2006 563 2034 et
581 2003 760 2046 confessor,
801 2006 844 2039 10
855 2005 886 2040 b.
920 2007 1030 2039 Plebis
1057 2008 1153 2041 decus
1181 2010 1387 2052 christianae,

242 2050 345 2082 Heres
374 2050 493 2083 Christi
520 2057 552 2083 et
578 2061 756 2095 consessor,

237 2097 288 2130 Sis
315 2107 376 2139 pro
402 2099 495 2132 nobis
520 2100 717 2134 intercessor

283 2147 338 2180 Ad
365 2157 460 2180 aures
487 2148 688 2185 clementiae.

915 2055 1037 2089 Nostra
1063 2067 1148 2097 spes,
1176 2058 1370 2102 Domitiam,

914 2106 982 2138 Fac
1009 2115 1066 2137 nos
1095 2107 1178 2138 vitae
1205 2109 1294 2147 pasci
1321 2118 1405 2149 pane

962 2153 1039 2186 Cum
1068 2155 1188 2186 colonis
1214 2157 1346 2196 gloriae.

190 2232 274 2260 Miss.
305 2243 358 2262 ms.
389 2235 542 2263 Beckense
568 2236 760 2271 (Leodiense)
786 2246 861 2265 saec.
894 2237 937 2266 15.
960 2239 1031 2267 Cod.
1055 2241 1222 2268 Bruxellen.
1252 2240 1338 2269 3782.
1362 2243 1394 2269 Α.
1417 2258 1454 2261 -

111 2271 197 2299 Miss.
224 2272 392 2301 Leodiense
420 2275 489 2310 imp.
520 2275 594 2302 Delf
620 2283 665 2303 ca.
697 2273 780 2303 1485.
802 2277 835 2304 Β.
866 2293 902 2298 -
931 2278 1016 2305 Miss.
1039 2279 1206 2307 Leodiense
1237 2281 1304 2316 imp.
1328 2281 1454 2309 Parisiis

114 2308 198 2338 1499.
229 2311 260 2339 C.
292 2326 331 2331 —
362 2312 447 2340 Miss.
480 2313 648 2342 Leodiense
679 2315 750 2350 imp.
782 2313 887 2351 Spirae
925 2315 1008 2345 1502.
1041 2318 1076 2344 D.
1109 2332 1144 2336 —
1173 2319 1256 2345 Miss.
1287 2320 1452 2348 Leodiense

111 2350 182 2386 imp.
211 2350 338 2379 Parisiis
372 2349 455 2380 1513.
478 2351 514 2379 E.
537 2368 573 2372 —
595 2353 679 2380 Miss.
702 2353 869 2382 Leodiense
897 2357 966 2391 imp.
990 2357 1116 2383 Parisiis
1148 2355 1231 2384 1515.
1254 2358 1285 2385 F.
1308 2373 1344 2376 —
1367 2360 1451 2386 Miss.

111 2388 278 2418 Leodiense
306 2391 377 2426 imp.
404 2391 532 2418 Parisiis
562 2389 645 2419 1523.
675 2392 710 2419 G.
737 2408 774 2412 —
801 2393 884 2422 Miss.
911 2394 1077 2422 Leodiense
1108 2396 1178 2431 imp.
1207 2397 1331 2424 Parisiis
1369 2396 1450 2425 1527.

111 2427 151 2454 Η.
178 2441 216 2446 -
243 2429 328 2456 Miss.
355 2429 523 2457 Leodiense
552 2431 623 2466 imp.
652 2430 780 2458 Parisiis
811 2430 893 2461 1540.
921 2434 944 2460 1.
971 2447 1007 2451 —
1036 2432 1096 2467 6b,
1130 2433 1142 2461 l
1165 2435 1281 2462 Morum
1309 2437 1450 2464 mundum

111 2467 145 2493 B.
168 2480 205 2485 -—
226 2465 279 2502 712,
303 2466 317 2496 l
338 2469 471 2496 Mentem
493 2469 528 2496 A.
549 2483 587 2488 —
612 2467 682 2502 loa,
705 2467 723 2496 2
743 2472 773 2497 et
795 2471 946 2500 confessor
966 2474 991 2499 A
1012 2487 1050 2492 —
1072 2473 1094 2500 1.
