1655 2713
734 166 992 201 —334—

210 259 293 292 43a.
324 260 540 293 Accurramus
568 262 601 293 in
627 263 771 303 odorem,

326 307 572 348 Praegustemus
589 310 663 342 binc
677 320 835 352 saporem,

323 355 498 395 Rapiamur
521 358 553 389 in
579 367 736 401 amorem3

370 404 476 436 Vitam
513 404 636 437 confert
662 411 833 440 aeternam.

206 490 251 521 44
263 498 292 521 a.
326 490 439 521 Statim
467 493 569 524 caecis
595 494 681 525 visus
708 495 812 534 datur,

324 539 437 570 Surdis
463 540 591 572 auditus
619 542 777 583 redditur,

326 586 459 618 Claudis
477 597 604 628 gressus
622 590 831 630 instauratur⁷

324 633 486 673 Paralysis
512 636 683 676 effugatum

205 720 248 750 45
268 727 297 750 a.
330 720 394 751 Sed
420 720 577 752 Barenses
603 724 815 762 quaterdenos

328 767 406 798 Cum
424 773 555 808 septeno
568 770 695 802 mittunt
710 781 830 810 servos,

320 814 498 847 Affercntes
525 818 665 850 membra
693 825 803 852 sancta

321 863 359 894 In
385 863 454 894 oleo
480 866 632 896 natantia.

208 949 290 980 4621.
323 948 464 986 Nicolae,
495 951 695 982 sacerdotum

323 996 443 1033 Honor,
476 998 571 1029 decus
590 1007 622 1029 es
639 1001 831 1040 praesulum,

322 1043 407 1083 Rege
422 1049 519 1076 totum
536 1046 618 1077 hunc
633 1053 830 1087 conventum⁷

325 1090 373 1121 Ne
400 1093 534 1124 ducatur
560 1094 601 1125 ad
628 1100 829 1135 tormentum,

321 1138 384 1169 Sed
410 1149 468 1178 per
493 1146 579 1171 tuum
605 1142 818 1174 interventum

369 1186 517 1218 Solvatur
542 1198 560 1219 a
586 1189 724 1222 miseria.

202 1271 245 1302 47
258 1279 285 1301 a.
317 1271 521 1311 Opportunus
546 1279 612 1305 esto
638 1281 760 1314 portus,

320 1318 368 1349 Ne
383 1319 563 1360 submergat
579 1323 685 1354 statim
697 1329 823 1365 pontus,

321 1365 383 1398 Sed
411 1367 545 1399 ducatur
571 1371 739 1410 exercitus,

318 1414 382 1446 Ubi
408 1424 546 1447 summus
573 1423 619 1448 est
647 1424 784 1457 senam,

318 1462 495 1494 Coronetur
519 1464 680 1497 laureatus

365 1509 401 1540 In
428 1511 556 1542 caelesti
582 1514 696 1552 patria.

199 1590 242 1620 425
254 1598 281 1620 a.
314 1590 377 1622 Ubi
402 1601 463 1622 non
490 1593 553 1624 vita
581 1596 733 1633 mortalis,

319 1638 382 1669 Sed
408 1639 452 1670 ibi
479 1641 543 1671 vita
570 1642 686 1677 vitalis,

318 1686 381 1718 Ubi
408 1687 473 1718 vita
499 1689 686 1721 immortalis

312 1733 355 1763 Et
377 1734 463 1774 regio
488 1738 659 1768 aeternalis

360 1781 437 1813 Cum
464 1792 585 1815 summa
609 1785 740 1825 laetitia,

196 1862 280 1892 492.
314 1861 478 1894 Gloriosus
505 1865 683 1907 episcopus,

315 1910 373 1947 Qui
400 1912 521 1952 peregit
548 1913 663 1944 bonum
689 1924 778 1954 opus⁷

366 1958 501 1990 Securus
526 1962 651 1992 scandit
678 1964 770 2001 atria,

884 1279 926 1310 47
940 1279 969 1311 b.

882 1599 925 1630 48
937 1598 967 1630 b.

881 1872 924 1902 49
937 1870 967 1903 b.

896 265 940 297 43
952 264 983 297 b.
1014 264 1111 307 CiviS‚
1139 265 1268 307 hospes,
1291 267 1481 308 peregrinus

1015 313 1089 345 Illic
1115 315 1213 355 venit,
1240 319 1422 355 extraneus,

1013 361 1163 401 Quisquis
1188 363 1315 395 aceedit
1339 363 1496 405 infirmm,

1064 410 1280 450 Consequitur
1304 411 1488 444 sanitatem.

896 499 940 528 44
952 495 982 528 b.
1016 496 1080 529 Ubi
1106 497 1207 529 multa
1233 497 1313 529 fiunt
1339 499 1419 530 mira

1014 544 1057 576 Et
1082 545 1229 577 miranda
1254 547 1420 587 miracula,

1014 593 1082 623 Nec
1107 593 1211 625 inanis
1244 595 1426 634 revertitur,

1014 640 1077 672 Ubi
1104 642 1224 673 sanitas
1252 642 1410 676 redditur.

893 728 935 758 45
948 725 979 758 b.
1011 730 1038 759 A
1067 727 1173 766 capite
1199 726 1271 760 fons
1297 729 1370 770 olei,

1009 776 1039 806 A
1066 775 1202 814 pedibus
1230 776 1299 808 fons
1326 777 1497 818 lymphati,

1011 822 1054 853 Ut
1082 829 1242 863 unguenta
1270 826 1379 856 suavia

1010 869 1180 902 Profluunt
1208 872 1395 905 redolentia.

893 956 936 987 46
947 955 977 987 b.
1011 956 1092 987 Vide
1117 962 1206 989 artus
1233 957 1418 991 fatiscentes

1011 1004 1053 1035 Et
1079 1005 1167 1036 sanie
1195 1006 1380 1046 defluentes,

1009 1051 1520 1095 Morbosnostroslanguescentes

1009 1099 1052 1130 Et
1077 1100 1109 1130 in
1135 1101 1203 1132 salo
1228 1100 1429 1141 fiuctuantes,

1009 1147 1231 1186 Tempestates
1257 1151 1415 1189 patientes

1053 1195 1095 1225 Et
1121 1195 1153 1226 in
1180 1201 1250 1228 arta
1277 1199 1433 1231 custodia.

1002 1279 1064 1311 Ubi
1091 1281 1187 1320 salus,
1214 1282 1268 1313 ubi
1295 1284 1370 1324 vita,

1004 1327 1066 1359 Ubi
1093 1338 1166 1367 spes
1192 1335 1240 1360 est
1268 1332 1409 1370 reposita

1001 1375 1044 1406 Et
1069 1378 1212 1415 praemia
1240 1379 1412 1418 custodita,

1004 1422 1068 1454 Ubi
1097 1424 1177 1456 bona
1203 1426 1346 1457 stabilita

1003 1470 1137 1510 Semper
1163 1478 1255 1504 erunt
1281 1474 1419 1508 infinita.

1050 1519 1113 1551 Ubi
1140 1521 1230 1559 quies
1256 1527 1287 1552 et
1314 1523 1429 1562 gloria.

1000 1600 1042 1632 Ut
1071 1600 1214 1633 fruamur
1239 1613 1359 1635 summo
1386 1605 1479 1645 bono,

1000 1647 1065 1679 Ubi
1092 1649 1206 1680 bonum
1234 1652 1301 1682 sine
1329 1653 1455 1695 damno,

1001 1696 1121 1727 Malum
1149 1707 1272 1730 versum
1303 1706 1349 1731 est
1368 1701 1400 1732 in
1419 1701 1512 1743 bono,

1000 1743 1049 1774 Ne
1076 1745 1262 1778 damnemur
1286 1757 1357 1780 cum
1375 1749 1512 1789 profano

1048 1792 1084 1822 In
1111 1797 1241 1826 aeterna
1266 1796 1405 1830 miseria.

999 1872 1062 1904 Ubi
1089 1873 1190 1905 Deum
1218 1877 1249 1907 in
1276 1877 1395 1909 lumine
1441 1887 1451 1896 ·

999 1919 1041 1951 Et
1068 1921 1100 1952 in
1126 1931 1274 1962 supremo
1300 1925 1436 1958 culmine

1046 1968 1139 2000 Nunc
1164 1971 1253 2002 videt
1277 1972 1310 2004 in
1336 1975 1485 2008 essentia.

270 2042 427 2071 Collectau.
449 2055 499 2071 ins.
515 2047 707 2075 Victorinum.
729 2058 805 2077 saec.
827 2048 886 2085 [13.
910 2050 966 2087 15.]
986 2051 1028 2080 16.
1045 2055 1115 2082 Cod.
1131 2056 1257 2084 Parisin.
1279 2057 1384 2087 1487‘2.
1401 2077 1436 2081 —-
1452 2063 1508 2089 Mit

195 2079 246 2106 der
265 2081 439 2109 Aufschrift:
463 2086 588 2117 „Auctor
609 2087 655 2112 Fr.
678 2088 712 2114 N.
734 2088 902 2121 Haiiielius;
924 2099 1012 2126 prosa
1035 2093 1069 2120 de
1091 2103 1113 2121 s.
1136 2095 1278 2124 Nicolao'*
1302 2098 1360 2125 und
1383 2101 1435 2126 mit
1456 2101 1507 2128 der

193 2118 366 2146 Jahreszahl
392 2120 472 2148 1574.
495 2137 532 2140 —
553 2124 594 2150 Zu
619 2124 692 2157 15a,
718 2126 731 2152 l
755 2136 816 2163 sqq.
837 2129 894 2162 vgl.
916 2130 973 2157 Str.
998 2129 1058 2158 l2b
1080 2133 1111 2159 in
1131 2133 1182 2160 der
1202 2134 1506 2174 Johanues-Sequenz

190 2156 242 2220 {gin
269 2156 400 2221 1345.Γ-
428 2158 510 2192 351„
538 2160 556 2189 3
583 2168 756 2198 augustana.
785 2180 821 2184 —-
841 2167 924 2194 Nach
951 2167 1028 2201 4921,
1057 2169 1075 2197 2
1102 2172 1176 2208 folg1
1203 2173 1278 2201 noch
1301 2178 1428 2209 „Servus
1451 2178 1506 2206 Dei

221 2203 264 2220 leo
280 2204 331 2222 aus
343 2202 360 2224 ”,

641 2286 709 2317 350.
752 2288 792 2318 De
813 2292 924 2320 sancta
945 2291 1047 2329 Syria.

216 2361 272 2391 1a.
304 2361 394 2394 Tuba
421 2363 494 2396 Sion
521 2366 722 2407 iucundetur,

311 2410 353 2441 Et
379 2412 515 2444 iucunde
541 2415 723 2447 moduletur

357 2459 468 2491 ('lerus
493 2462 524 2493 in
552 2463 705 2506 ecclesia3

897 2373 912 2404 1
930 2371 961 2406 b.
992 2373 1063 2405 Hac
1088 2375 1121 2407 in
1149 2376 1200 2408 die
1224 2387 1343 2419 sponsa
1369 2381 1430 2413 Dei

934 2448 936 2450 ,
988 2421 1136 2455 Summae
1162 2425 1258 2458 datur
1283 2429 1404 2468 requiei

1041 2470 1170 2505 Summa
1196 2483 1266 2506 cum
1293 2476 1428 2512 laetitia.
