1655 2713
738 167 999 202 —244—

217 265 278 298 3a.
309 265 406 304 Quem
433 274 514 297 nunc
540 273 692 296 venerans
898 264 960 298 3b.
997 264 1150 298 Cantibus
1176 265 1262 298 celsa

310 313 362 353 pie
388 322 447 345 vox
474 316 582 344 nostra
992 312 1102 344 reddit
1127 318 1289 352 neumata,

215 395 274 426 4a.
306 393 438 433 Suscipe
463 402 564 434 soum,
897 393 959 427 4b.
990 395 1074 434 Quos
1099 394 1158 426 tibi
1185 398 1258 426 voto

307 441 464 482 poscimus
493 445 627 481 nostros,
992 442 1108 473 cecinit
1133 442 1247 474 cohors

679 525 708 554 5.
735 522 778 553 Et
804 526 857 554 tuo

737 571 876 602 concede
903 571 1021 610 gaudia
1048 571 1142 604 dono.

286 649 368 675 Mis&
390 657 441 674 ms.
465 650 655 676 Xantonense
678 658 753 677 saec.
777 649 819 677 15.
842 650 912 677 Cod.
939 651 1103 679 Londinen.
1123 653 1231 680 Lansd.
1253 651 1319 681 450.
1335 654 1369 681 A.
1384 668 1422 673 —
1441 655 1528 682 Miss.

212 686 399 713 Xantonense
420 688 487 722 imp.
510 688 634 714 Parisiis
658 686 738 715 1491.
761 690 793 716 B.
815 703 850 707 —
871 687 916 716 3b
933 710 939 721 ,
964 688 977 716 1
1001 690 1086 717 Celsa
1107 692 1259 725 cantibus3
1281 694 1356 719 εἴδη
1376 693 1423 720 die
1444 693 1525 720 End-

212 733 362 754 ussonanz,
384 725 429 751 die
452 725 563 752 freilich
585 726 659 752 auch
675 727 705 753 in
723 726 773 759 lb,
797 726 810 754 1
827 727 909 755 nicht
925 728 1056 763 gewahrt
1070 729 1224 757 erscheint.
1241 745 1277 749 —
1299 731 1356 758 Die
1371 731 1527 768 Dichtung

213 771 270 788 war
292 763 493 798 urspriinglich
515 764 590 790 wohl
614 766 677 792 eine
700 766 837 793 Verbeta.

611 877 675 907 273.
717 877 757 908 De
778 886 818 908 ss.
841 878 932 909 Petro
956 881 987 909 et
1008 879 1113 910 Paulo.

210 954 267 986 la.
299 954 356 984 Isti
383 955 463 986 duae
489 961 561 987 sunt
587 956 700 995 olivae,
892 959 952 991 lb.
987 960 1134 998 Pascunt,
1153 961 1268 993 ardent
1289 965 1320 992 et
1340 963 1520 1006 medentur,

302 1002 439 1040 Quorum
467 1003 579 1034 chorus
606 1004 656 1034 hic
682 1003 795 1036 festive
985 1008 1110 1039 Mentes
1124 1013 1269 1048 pascunt,
1293 1019 1333 1041 ne
1346 1015 1523 1051 graventur

349 1050 472 1081 Recolit
497 1051 682 1089 sollemnia;
1032 1055 1206 1088 Doctrinae
1231 1058 1375 1097 penuria.

208 1130 266 1160 2a.
297 1129 422 1161 Ardent
447 1131 518 1172 igne
545 1133 687 1163 caritatis
894 1135 954 1168 2b.
986 1137 1123 1168 Possunt
1150 1138 1238 1170 vivos
1263 1140 1359 1170 morti
1386 1140 1474 1178 dare,

302 1176 343 1208 Et
369 1178 536 1209 medentur
561 1180 779 1220 praegravatis
987 1184 1086 1216 Morti
1115 1185 1206 1217 datos
1232 1188 1388 1219 suscitare

349 1225 493 1263 Qualibet
518 1227 678 1267 molestia3
1036 1233 1124 1264 Freti
1149 1233 1210 1265 Dei
1235 1235 1349 1274 gratia.

211 1305 228 1336 3
242 1314 269 1336 a.
300 1306 475 1337 Antiochus
502 1308 597 1339 Petro
622 1310 730 1340 sedem
891 1312 952 1345 3b.
986 1314 1145 1346 Christum
1166 1315 1279 1348 Petrus
1301 1321 1335 1348 ut
1353 1322 1519 1360 sequatur,

303 1353 441 1384 Primam
460 1354 558 1393 dedit,
585 1356 700 1388 Remus
718 1359 828 1390 aedem
987 1362 1118 1393 Crucem
1145 1363 1255 1395 suffert
1281 1369 1312 1396 et
1336 1370 1498 1399 mercatur

350 1400 484 1441 Dignam
511 1405 697 1437 reverentia.
1032 1410 1160 1442 Caelum
1187 1421 1246 1451 per
1271 1414 1440 1453 supplicia.

209 1482 267 1512 4a.
301 1481 402 1512 Pollet
429 1483 543 1514 Paulus
569 1485 601 1515 in
626 1486 769 1519 doctrina
889 1490 952 1521 4b,
984 1491 1070 1522 Ense
1100 1492 1232 1525 Paulum
1261 1495 1349 1527 Nero
1383 1497 1511 1537 stravit,

300 1528 438 1568 Oleoque
464 1531 599 1562 miscens
626 1534 698 1565 vina
985 1539 1019 1570 In
1046 1540 1186 1572 lacrimis
1213 1544 1382 1575 seminavit

347 1577 461 1616 Fulget
486 1579 518 1609 in
548 1580 690 1613 ecclesia.
1029 1587 1128 1619 Modo
1153 1591 1244 1621 metit
1270 1592 1398 1631 gaudia.

209 1658 267 1687 δα.
297 1657 381 1688 Ante
407 1658 507 1690 Deum
533 1661 586 1699 qui
611 1661 736 1702 lucetis,
891 1666 951 1701 5b.
985 1669 1072 1701 Caeli
1099 1671 1215 1712 claves,
1243 1674 1367 1712 aperite

303 1703 512 1749 Candelabra,
541 1708 631 1739 nobis
658 1710 739 1742 detis
985 1716 1115 1751 Caelum
1142 1719 1233 1751 nobis
1260 1726 1290 1752 et
1317 1722 1358 1754 ad
1385 1723 1470 1756 vitae

349 1752 441 1784 Clara
468 1753 530 1785 frui
557 1757 653 1795 regia.
1032 1765 1098 1797 Nos
1126 1765 1207 1798 ferte
1234 1769 1366 1808 palatia.

280 1832 367 1859 Grad.
395 1842 444 1859 ms.
468 1835 697 1870 Compendiense
725 1848 799 1867 saec.
824 1840 865 1868 14.
888 1843 958 1870 Cod.
980 1845 1105 1872 Parisin.
1132 1846 1238 1875 1682&
1261 1865 1298 1868 —
1318 1850 1378 1884 4b,
1409 1850 1422 1879 l
1447 1862 1520 1889 pau-

203 1869 303 1896 lulum.
326 1885 359 1888 —
380 1872 521 1900 Melodie:
544 1874 761 1905 Hodiernae
788 1879 851 1906 lux
872 1880 960 1909 diei.
976 1897 1010 1901 —-
1033 1884 1074 1910 Zu
1095 1887 1185 1920 vergl.
1209 1888 1247 1914 ist
1263 1889 1348 1917 Anal.
1370 1891 1393 1925 1,
1415 1892 1466 1919 Nr.
1483 1891 1521 1920 75

204 1908 326 1936 welches
344 1910 416 1936 Lied
439 1912 502 1938 eine
527 1915 659 1948 Nequenz
681 1916 735 1948 ist),
756 1917 815 1944 und
836 1918 899 1951 XL,
926 1920 976 1947 Nr.
998 1919 1062 1948 321.

632 2026 700 2056 274.
742 2028 783 2059 De
804 2032 912 2062 sancto
937 2032 1095 2068 Quintino.

605 2106 634 2138 1.
661 2106 775 2139 Festus
801 2114 848 2141 est
872 2111 966 2143 nobis
992 2113 1086 2145 hodie

200 2183 260 2214 2a.
292 2183 433 2222 Quintini
888 2192 951 2225 2b.
983 2194 1041 2233 Qui
1067 2198 1168 2230 minas

294 2232 446 2272 sanguine
472 2233 540 2265 dies
982 2242 1158 2277 Rictiovari

293 2280 456 2319 agonistae
483 2287 636 2325 sacratus,
981 2289 1044 2322 fide
1071 2293 1147 2325 vicit
1174 2295 1293 2337 divina,

198 2360 258 2391 33.
293 2355 476 2404 T‘rochleas‚
503 2363 617 2403 oleum,
643 2365 757 2409 picem,
883 2369 946 2404 3b.
978 2370 1115 2414 Caleem‚
1142 2381 1279 2418 acetum,
1306 2381 1445 2423 sinapim

291 2408 429 2451 adipem,
457 2409 554 2451 faces,
978 2419 1147 2462 clavosque
1171 2424 1280 2458 decem

292 2455 412 2489 ferreos
438 2460 614 2502 resticulOS,
977 2476 1047 2500 curn
1074 2471 1211 2505 verubus
1239 2475 1372 2511 duobus.
