<?xml version="1.0" encoding="UTF-8"?>
<!DOCTYPE html PUBLIC "-//W3C//DTD XHTML 1.0 Transitional//EN"
    "http://www.w3.org/TR/xhtml1/DTD/xhtml1-transitional.dtd">
<html xmlns="http://www.w3.org/1999/xhtml" xml:lang="en" lang="en">
 <head>
  <title>
</title>
<meta http-equiv="Content-Type" content="text/html;charset=utf-8" />
  <meta name='ocr-system' content='tesseract 3.04.00' />
  <meta name='ocr-capabilities' content='ocr_page ocr_carea ocr_par ocr_line ocrx_word'/>
</head>
<body>
  <div class='ocr_page' id='page_1' title='image "./analectahymnica44drevuoft_0230.png"; bbox 0 0 1655 2713; ppageno 0'>
   <div class='ocr_carea' id='block_1_1' title="bbox 711 172 974 209">
    <p class='ocr_par' dir='ltr' id='par_1_1' title="bbox 711 172 974 209">
     <span class='ocr_line' id='line_1_1' title="bbox 711 172 974 209; baseline 0.023 -4"><span class='ocrx_word' id='word_1_1' title='bbox 711 172 974 209; x_wconf 84' lang='lat'>—227—</span> 
     </span>
    </p>
   </div>
   <div class='ocr_carea' id='block_1_2' title="bbox 199 258 750 301">
    <p class='ocr_par' dir='ltr' id='par_1_2' title="bbox 199 258 750 301">
     <span class='ocr_line' id='line_1_2' title="bbox 199 258 750 301; baseline 0.02 -11"><span class='ocrx_word' id='word_1_2' title='bbox 199 258 262 292; x_wconf 82' lang='lat' dir='ltr'>2a.</span> <span class='ocrx_word' id='word_1_3' title='bbox 294 260 403 293; x_wconf 79' lang='lat' dir='ltr'>Prima</span> <span class='ocrx_word' id='word_1_4' title='bbox 430 262 482 295; x_wconf 89' lang='lat' dir='ltr'>die</span> <span class='ocrx_word' id='word_1_5' title='bbox 508 267 597 298; x_wconf 88' lang='lat' dir='ltr'>stans</span> <span class='ocrx_word' id='word_1_6' title='bbox 623 272 750 301; x_wconf 88' lang='lat' dir='ltr'>erectus</span> 
     </span>
    </p>
   </div>
   <div class='ocr_carea' id='block_1_3' title="bbox 297 307 805 404">
    <p class='ocr_par' dir='ltr' id='par_1_3' title="bbox 297 307 805 404">
     <span class='ocr_line' id='line_1_3' title="bbox 297 307 805 356; baseline 0.022 -17"><span class='ocrx_word' id='word_1_7' title='bbox 297 307 432 342; x_wconf 91' lang='lat' dir='ltr'>Culmen</span> <span class='ocrx_word' id='word_1_8' title='bbox 459 311 564 352; x_wconf 85' lang='lat' dir='ltr'>signat</span> <span class='ocrx_word' id='word_1_9' title='bbox 589 318 620 346; x_wconf 92' lang='lat' dir='ltr'>et</span> <span class='ocrx_word' id='word_1_10' title='bbox 642 316 805 356; x_wconf 85' lang='lat' dir='ltr'>profectus</span> 
     </span>
     <span class='ocr_line' id='line_1_4' title="bbox 346 357 748 404; baseline 0.022 -15"><span class='ocrx_word' id='word_1_11' title='bbox 346 357 418 390; x_wconf 92' lang='lat' dir='ltr'>Non</span> <span class='ocrx_word' id='word_1_12' title='bbox 445 361 590 394; x_wconf 86' lang='lat' dir='ltr'>cadentis</span> <span class='ocrx_word' id='word_1_13' title='bbox 615 365 748 404; x_wconf 82' lang='lat' dir='ltr'>gratiae.</span> 
     </span>
    </p>
   </div>
   <div class='ocr_carea' id='block_1_4' title="bbox 889 272 1463 410">
    <p class='ocr_par' dir='ltr' id='par_1_4' title="bbox 889 272 1463 410">
     <span class='ocr_line' id='line_1_5' title="bbox 889 272 1463 318; baseline 0.014 -14"><span class='ocrx_word' id='word_1_14' title='bbox 889 272 954 306; x_wconf 86' lang='lat' dir='ltr'>2b.</span> <span class='ocrx_word' id='word_1_15' title='bbox 984 273 1096 306; x_wconf 80' lang='lat' dir='ltr'>Infans</span> <span class='ocrx_word' id='word_1_16' title='bbox 1123 275 1184 318; x_wconf 90' lang='lat' dir='ltr'>bic,</span> <span class='ocrx_word' id='word_1_17' title='bbox 1213 285 1283 309; x_wconf 92' lang='lat' dir='ltr'>cnm</span> <span class='ocrx_word' id='word_1_18' title='bbox 1309 278 1463 312; x_wconf 78' lang='lat' dir='ltr'>ieiunavit</span> 
     </span>
     <span class='ocr_line' id='line_1_6' title="bbox 988 322 1414 364; baseline 0.014 -11"><span class='ocrx_word' id='word_1_19' title='bbox 988 322 1074 354; x_wconf 86' lang='lat' dir='ltr'>Raro</span> <span class='ocrx_word' id='word_1_20' title='bbox 1100 332 1225 364; x_wconf 84' lang='lat' dir='ltr'>sugens,</span> <span class='ocrx_word' id='word_1_21' title='bbox 1252 326 1414 359; x_wconf 83' lang='lat' dir='ltr'>inchoavit</span> 
     </span>
     <span class='ocr_line' id='line_1_7' title="bbox 1035 371 1404 410; baseline 0.019 -8"><span class='ocrx_word' id='word_1_22' title='bbox 1035 371 1156 403; x_wconf 91' lang='lat' dir='ltr'>Bonum</span> <span class='ocrx_word' id='word_1_23' title='bbox 1180 372 1404 410; x_wconf 83' lang='lat' dir='ltr'><strong>abstinentiae.</strong></span> 
     </span>
    </p>
   </div>
   <div class='ocr_carea' id='block_1_5' title="bbox 197 443 760 531">
    <p class='ocr_par' dir='ltr' id='par_1_5' title="bbox 197 443 760 531">
     <span class='ocr_line' id='line_1_8' title="bbox 197 443 760 485; baseline 0.02 -11"><span class='ocrx_word' id='word_1_24' title='bbox 197 443 218 475; x_wconf 88' lang='lat'><strong>3</strong></span> <span class='ocrx_word' id='word_1_25' title='bbox 235 451 264 475; x_wconf 88' lang='lat' dir='ltr'>a.</span> <span class='ocrx_word' id='word_1_26' title='bbox 296 443 426 476; x_wconf 85' lang='lat' dir='ltr'>Florem</span> <span class='ocrx_word' id='word_1_27' title='bbox 453 452 562 480; x_wconf 83' lang='lat' dir='ltr'>servat</span> <span class='ocrx_word' id='word_1_28' title='bbox 587 450 760 485; x_wconf 88' lang='lat' dir='ltr'>iuventutis</span> 
     </span>
     <span class='ocr_line' id='line_1_9' title="bbox 291 492 667 531; baseline 0.021 -8"><span class='ocrx_word' id='word_1_29' title='bbox 291 492 455 526; x_wconf 86' lang='lat' dir='ltr'>Illibatum</span> <span class='ocrx_word' id='word_1_30' title='bbox 481 500 511 527; x_wconf 89' lang='lat' dir='ltr'>et</span> <span class='ocrx_word' id='word_1_31' title='bbox 539 497 667 531; x_wconf 90' lang='lat' dir='ltr'>virtutis</span> 
     </span>
    </p>
   </div>
   <div class='ocr_carea' id='block_1_6' title="bbox 338 540 802 582">
    <p class='ocr_par' dir='ltr' id='par_1_6' title="bbox 338 540 802 582">
     <span class='ocr_line' id='line_1_10' title="bbox 338 540 802 582; baseline 0.022 -10"><span class='ocrx_word' id='word_1_32' title='bbox 338 540 391 573; x_wconf 89' lang='lat' dir='ltr'>Sic</span> <span class='ocrx_word' id='word_1_33' title='bbox 416 546 616 577; x_wconf 80' lang='lat' dir='ltr'>transcendit</span> <span class='ocrx_word' id='word_1_34' title='bbox 640 549 802 582; x_wconf 81' lang='lat' dir='ltr'>verticem.</span> 
     </span>
    </p>
   </div>
   <div class='ocr_carea' id='block_1_7' title="bbox 888 455 1494 495">
    <p class='ocr_par' dir='ltr' id='par_1_7' title="bbox 888 455 1494 495">
     <span class='ocr_line' id='line_1_11' title="bbox 888 455 1494 495; baseline 0.012 -7"><span class='ocrx_word' id='word_1_35' title='bbox 888 456 908 488; x_wconf 76' lang='lat'><strong>3</strong></span> <span class='ocrx_word' id='word_1_36' title='bbox 919 455 949 489; x_wconf 94' lang='lat' dir='ltr'>b.</span> <span class='ocrx_word' id='word_1_37' title='bbox 983 457 1051 489; x_wconf 89' lang='lat' dir='ltr'>Vox</span> <span class='ocrx_word' id='word_1_38' title='bbox 1073 459 1112 490; x_wconf 92' lang='lat' dir='ltr'>de</span> <span class='ocrx_word' id='word_1_39' title='bbox 1125 460 1221 492; x_wconf 86' lang='lat' dir='ltr'>caelis</span> <span class='ocrx_word' id='word_1_40' title='bbox 1237 460 1320 493; x_wconf 89' lang='lat' dir='ltr'>hunc</span> <span class='ocrx_word' id='word_1_41' title='bbox 1335 470 1494 495; x_wconf 87' lang='lat' dir='ltr'>commen-</span> 
     </span>
    </p>
   </div>
   <div class='ocr_carea' id='block_1_8' title="bbox 984 509 1477 646">
    <p class='ocr_par' dir='ltr' id='par_1_8' title="bbox 984 509 1477 646">
     <span class='ocr_line' id='line_1_12' title="bbox 1268 509 1324 541; baseline 0 0"><span class='ocrx_word' id='word_1_42' title='bbox 1268 509 1324 541; x_wconf 85' lang='lat' dir='ltr'>dat</span> 
     </span>
     <span class='ocr_line' id='line_1_13' title="bbox 984 553 1477 595; baseline 0.016 -11"><span class='ocrx_word' id='word_1_43' title='bbox 984 553 1068 585; x_wconf 91' lang='lat' dir='ltr'>Vere</span> <span class='ocrx_word' id='word_1_44' title='bbox 1094 555 1235 595; x_wconf 82' lang='lat' dir='ltr'>dignum,</span> <span class='ocrx_word' id='word_1_45' title='bbox 1263 561 1298 589; x_wconf 88' lang='lat' dir='ltr'>nt</span> <span class='ocrx_word' id='word_1_46' title='bbox 1323 560 1477 592; x_wconf 67' lang='lat' dir='ltr'>ascendat</span> 
     </span>
     <span class='ocr_line' id='line_1_14' title="bbox 1034 602 1402 646; baseline 0.016 -13"><span class='ocrx_word' id='word_1_47' title='bbox 1034 602 1240 636; x_wconf 84' lang='lat' dir='ltr'>Praesulatus</span> <span class='ocrx_word' id='word_1_48' title='bbox 1267 606 1402 646; x_wconf 84' lang='lat' dir='ltr'>apicem.</span> 
     </span>
    </p>
   </div>
   <div class='ocr_carea' id='block_1_9' title="bbox 191 675 1494 736">
    <p class='ocr_par' dir='ltr' id='par_1_9' title="bbox 191 675 1494 736">
     <span class='ocr_line' id='line_1_15' title="bbox 191 675 1494 736; baseline 0.015 -28"><span class='ocrx_word' id='word_1_49' title='bbox 191 676 213 708; x_wconf 91' lang='lat'>4</span> <span class='ocrx_word' id='word_1_50' title='bbox 223 683 252 708; x_wconf 84' lang='lat' dir='ltr'>a.</span> <span class='ocrx_word' id='word_1_51' title='bbox 285 675 435 708; x_wconf 85' lang='lat' dir='ltr'>Formam</span> <span class='ocrx_word' id='word_1_52' title='bbox 451 679 610 718; x_wconf 85' lang='lat' dir='ltr'>praebens</span> <span class='ocrx_word' id='word_1_53' title='bbox 619 682 800 715; x_wconf 81' lang='lat' dir='ltr'>sanctitatis</span> <span class='ocrx_word' id='word_1_54' title='bbox 885 687 906 718; x_wconf 89' lang='lat'>4</span> <span class='ocrx_word' id='word_1_55' title='bbox 917 685 947 718; x_wconf 93' lang='lat' dir='ltr'>b.</span> <span class='ocrx_word' id='word_1_56' title='bbox 979 688 1017 719; x_wconf 92' lang='lat' dir='ltr'>In</span> <span class='ocrx_word' id='word_1_57' title='bbox 1025 688 1084 720; x_wconf 89' lang='lat' dir='ltr'>hoc</span> <span class='ocrx_word' id='word_1_58' title='bbox 1090 694 1217 722; x_wconf 86' lang='lat' dir='ltr'>sanctos</span> <span class='ocrx_word' id='word_1_59' title='bbox 1224 691 1494 736; x_wconf 76' lang='lat' dir='ltr'>hictranscendit,</span> 
     </span>
    </p>
   </div>
   <div class='ocr_carea' id='block_1_10' title="bbox 285 723 1443 826">
    <p class='ocr_par' dir='ltr' id='par_1_10' title="bbox 285 723 1443 826">
     <span class='ocr_line' id='line_1_16' title="bbox 285 723 1443 773; baseline 0.016 -18"><span class='ocrx_word' id='word_1_60' title='bbox 285 723 327 755; x_wconf 90' lang='lat' dir='ltr'>Et</span> <span class='ocrx_word' id='word_1_61' title='bbox 353 725 500 758; x_wconf 87' lang='lat' dir='ltr'>affectum</span> <span class='ocrx_word' id='word_1_62' title='bbox 527 728 657 767; x_wconf 89' lang='lat' dir='ltr'>pietatis</span> <span class='ocrx_word' id='word_1_63' title='bbox 980 735 1095 768; x_wconf 91' lang='lat' dir='ltr'>Nullus</span> <span class='ocrx_word' id='word_1_64' title='bbox 1124 739 1206 770; x_wconf 86' lang='lat' dir='ltr'>mira</span> <span class='ocrx_word' id='word_1_65' title='bbox 1229 743 1275 771; x_wconf 92' lang='lat' dir='ltr'>tot</span> <span class='ocrx_word' id='word_1_66' title='bbox 1301 742 1443 773; x_wconf 88' lang='lat' dir='ltr'>ostendit</span> 
     </span>
     <span class='ocr_line' id='line_1_17' title="bbox 335 772 1382 826; baseline 0.016 -22"><span class='ocrx_word' id='word_1_67' title='bbox 335 772 465 806; x_wconf 90' lang='lat' dir='ltr'>Cunctis</span> <span class='ocrx_word' id='word_1_68' title='bbox 492 780 538 807; x_wconf 88' lang='lat' dir='ltr'>est</span> <span class='ocrx_word' id='word_1_69' title='bbox 563 777 722 811; x_wconf 85' lang='lat' dir='ltr'>amabilis.</span> <span class='ocrx_word' id='word_1_70' title='bbox 1026 785 1063 816; x_wconf 93' lang='lat' dir='ltr'>In</span> <span class='ocrx_word' id='word_1_71' title='bbox 1091 786 1188 826; x_wconf 83' lang='lat' dir='ltr'>signis</span> <span class='ocrx_word' id='word_1_72' title='bbox 1214 788 1382 822; x_wconf 86' lang='lat' dir='ltr'>mirabilis.</span> 
     </span>
    </p>
   </div>
   <div class='ocr_carea' id='block_1_11' title="bbox 190 859 794 999">
    <p class='ocr_par' dir='ltr' id='par_1_11' title="bbox 190 859 794 999">
     <span class='ocr_line' id='line_1_18' title="bbox 190 859 794 907; baseline 0.015 -19"><span class='ocrx_word' id='word_1_73' title='bbox 190 859 249 892; x_wconf 86' lang='lat' dir='ltr'>5a.</span> <span class='ocrx_word' id='word_1_74' title='bbox 283 859 400 891; x_wconf 86' lang='lat' dir='ltr'>Vivens</span> <span class='ocrx_word' id='word_1_75' title='bbox 426 861 523 894; x_wconf 86' lang='lat' dir='ltr'>vitam</span> <span class='ocrx_word' id='word_1_76' title='bbox 550 862 604 894; x_wconf 90' lang='lat' dir='ltr'>dat</span> <span class='ocrx_word' id='word_1_77' title='bbox 624 863 794 907; x_wconf 87' lang='lat' dir='ltr'>defunctis,</span> 
     </span>
     <span class='ocr_line' id='line_1_19' title="bbox 285 907 792 951; baseline 0.012 -13"><span class='ocrx_word' id='word_1_78' title='bbox 285 907 407 947; x_wconf 90' lang='lat' dir='ltr'>Liquor</span> <span class='ocrx_word' id='word_1_79' title='bbox 420 909 549 941; x_wconf 85' lang='lat' dir='ltr'>tumbae</span> <span class='ocrx_word' id='word_1_80' title='bbox 563 912 650 943; x_wconf 81' lang='lat' dir='ltr'>salus</span> <span class='ocrx_word' id='word_1_81' title='bbox 661 913 792 951; x_wconf 84' lang='lat' dir='ltr'>cunctis,</span> 
     </span>
     <span class='ocr_line' id='line_1_20' title="bbox 328 955 775 999; baseline 0.016 -13"><span class='ocrx_word' id='word_1_82' title='bbox 328 955 441 987; x_wconf 87' lang='lat' dir='ltr'>Multis</span> <span class='ocrx_word' id='word_1_83' title='bbox 468 957 519 988; x_wconf 91' lang='lat' dir='ltr'>hic</span> <span class='ocrx_word' id='word_1_84' title='bbox 547 959 601 989; x_wconf 84' lang='lat' dir='ltr'>dat</span> <span class='ocrx_word' id='word_1_85' title='bbox 629 960 775 999; x_wconf 84' lang='lat' dir='ltr'>gratiam.</span> 
     </span>
    </p>
   </div>
   <div class='ocr_carea' id='block_1_12' title="bbox 880 868 1376 914">
    <p class='ocr_par' dir='ltr' id='par_1_12' title="bbox 880 868 1376 914">
     <span class='ocr_line' id='line_1_21' title="bbox 880 868 1376 914; baseline 0.016 -15"><span class='ocrx_word' id='word_1_86' title='bbox 880 868 942 900; x_wconf 88' lang='lat' dir='ltr'>5b.</span> <span class='ocrx_word' id='word_1_87' title='bbox 972 869 1059 909; x_wconf 84' lang='lat' dir='ltr'>Ergo</span> <span class='ocrx_word' id='word_1_88' title='bbox 1086 873 1186 903; x_wconf 87' lang='lat' dir='ltr'>nostri</span> <span class='ocrx_word' id='word_1_89' title='bbox 1214 875 1376 914; x_wconf 79' lang='lat' dir='ltr'>miserere,</span> 
     </span>
    </p>
   </div>
   <div class='ocr_carea' id='block_1_13' title="bbox 975 917 1463 1009">
    <p class='ocr_par' dir='ltr' id='par_1_13' title="bbox 975 917 1463 1009">
     <span class='ocr_line' id='line_1_22' title="bbox 975 917 1463 963; baseline 0.018 -16"><span class='ocrx_word' id='word_1_90' title='bbox 975 917 1035 956; x_wconf 86' lang='lat' dir='ltr'>Qui</span> <span class='ocrx_word' id='word_1_91' title='bbox 1062 922 1092 949; x_wconf 91' lang='lat' dir='ltr'>te</span> <span class='ocrx_word' id='word_1_92' title='bbox 1119 920 1260 963; x_wconf 82' lang='lat' dir='ltr'>laudant,</span> <span class='ocrx_word' id='word_1_93' title='bbox 1291 923 1347 954; x_wconf 89' lang='lat' dir='ltr'>hos</span> <span class='ocrx_word' id='word_1_94' title='bbox 1374 928 1463 956; x_wconf 85' lang='lat' dir='ltr'>tuere</span> 
     </span>
     <span class='ocr_line' id='line_1_23' title="bbox 1020 966 1455 1009; baseline 0.021 -13"><span class='ocrx_word' id='word_1_95' title='bbox 1020 966 1063 997; x_wconf 88' lang='lat' dir='ltr'>Et</span> <span class='ocrx_word' id='word_1_96' title='bbox 1090 969 1211 1006; x_wconf 89' lang='lat' dir='ltr'>perduc</span> <span class='ocrx_word' id='word_1_97' title='bbox 1239 970 1281 1001; x_wconf 83' lang='lat' dir='ltr'>ad</span> <span class='ocrx_word' id='word_1_98' title='bbox 1307 972 1455 1009; x_wconf 82' lang='lat' dir='ltr'>gloriam.</span> 
     </span>
    </p>
   </div>
   <div class='ocr_carea' id='block_1_14' title="bbox 239 1049 1296 1093">
    <p class='ocr_par' dir='ltr' id='par_1_14' title="bbox 239 1049 1296 1093">
     <span class='ocr_line' id='line_1_24' title="bbox 239 1049 1296 1093; baseline 0.016 -17"><span class='ocrx_word' id='word_1_99' title='bbox 239 1049 326 1077; x_wconf 83' lang='lat' dir='ltr'>Grad.</span> <span class='ocrx_word' id='word_1_100' title='bbox 349 1060 401 1078; x_wconf 77' lang='lat' dir='ltr'>rus.</span> <span class='ocrx_word' id='word_1_101' title='bbox 424 1052 650 1080; x_wconf 82' lang='lat' dir='ltr'>Dominicanum</span> <span class='ocrx_word' id='word_1_102' title='bbox 674 1064 739 1082; x_wconf 82' lang='lat' dir='ltr'>saec</span> <span class='ocrx_word' id='word_1_103' title='bbox 765 1055 808 1084; x_wconf 88' lang='lat'>14.</span> <span class='ocrx_word' id='word_1_104' title='bbox 829 1058 900 1086; x_wconf 83' lang='lat' dir='ltr'>Cod.</span> <span class='ocrx_word' id='word_1_105' title='bbox 922 1060 998 1087; x_wconf 73' lang='lat' dir='ltr'>Mus.</span> <span class='ocrx_word' id='word_1_106' title='bbox 1021 1060 1189 1090; x_wconf 82' lang='lat' dir='ltr'>Germanici</span> <span class='ocrx_word' id='word_1_107' title='bbox 1212 1063 1296 1093; x_wconf 80' lang='lat'>2440.</span> 
     </span>
    </p>
   </div>
   <div class='ocr_carea' id='block_1_15' title="bbox 597 1214 1038 1252">
    <p class='ocr_par' dir='ltr' id='par_1_15' title="bbox 597 1214 1038 1252">
     <span class='ocr_line' id='line_1_25' title="bbox 597 1214 1038 1252; baseline 0.011 -8"><span class='ocrx_word' id='word_1_108' title='bbox 597 1214 664 1244; x_wconf 76' lang='grc'>254.</span> <span class='ocrx_word' id='word_1_109' title='bbox 707 1216 746 1246; x_wconf 75' lang='lat' dir='ltr'>Dc</span> <span class='ocrx_word' id='word_1_110' title='bbox 769 1220 879 1248; x_wconf 84' lang='lat' dir='ltr'>sancto</span> <span class='ocrx_word' id='word_1_111' title='bbox 902 1218 1038 1252; x_wconf 83' lang='lat' dir='ltr'>Nicolao.</span> 
     </span>
    </p>
   </div>
   <div class='ocr_carea' id='block_1_16' title="bbox 181 1300 770 1440">
    <p class='ocr_par' dir='ltr' id='par_1_16' title="bbox 181 1300 770 1440">
     <span class='ocr_line' id='line_1_26' title="bbox 181 1300 770 1346; baseline 0.01 -14"><span class='ocrx_word' id='word_1_112' title='bbox 181 1300 240 1334; x_wconf 90' lang='lat' dir='ltr'>la.</span> <span class='ocrx_word' id='word_1_113' title='bbox 272 1301 342 1342; x_wconf 89' lang='lat' dir='ltr'>Eia,</span> <span class='ocrx_word' id='word_1_114' title='bbox 374 1303 477 1342; x_wconf 83' lang='lat' dir='ltr'>qualis</span> <span class='ocrx_word' id='word_1_115' title='bbox 503 1308 549 1334; x_wconf 91' lang='lat' dir='ltr'>est</span> <span class='ocrx_word' id='word_1_116' title='bbox 577 1310 607 1335; x_wconf 86' lang='lat' dir='ltr'>et</span> <span class='ocrx_word' id='word_1_117' title='bbox 633 1310 770 1346; x_wconf 87' lang='lat' dir='ltr'>quantus</span> 
     </span>
     <span class='ocr_line' id='line_1_27' title="bbox 273 1349 755 1395; baseline 0.012 -15"><span class='ocrx_word' id='word_1_118' title='bbox 273 1349 372 1389; x_wconf 86' lang='lat' dir='ltr'><strong>Apud</strong></span> <span class='ocrx_word' id='word_1_119' title='bbox 399 1350 501 1382; x_wconf 88' lang='lat' dir='ltr'>Deum</span> <span class='ocrx_word' id='word_1_120' title='bbox 529 1353 589 1384; x_wconf 89' lang='lat' dir='ltr'>istc</span> <span class='ocrx_word' id='word_1_121' title='bbox 615 1359 755 1395; x_wconf 85' lang='lat' dir='ltr'>sanctus,</span> 
     </span>
     <span class='ocr_line' id='line_1_28' title="bbox 321 1398 705 1440; baseline 0.016 -12"><span class='ocrx_word' id='word_1_122' title='bbox 321 1398 380 1436; x_wconf 75' lang='lat' dir='ltr'>Qui</span> <span class='ocrx_word' id='word_1_123' title='bbox 410 1400 442 1430; x_wconf 93' lang='lat' dir='ltr'>in</span> <span class='ocrx_word' id='word_1_124' title='bbox 468 1404 557 1432; x_wconf 81' lang='lat' dir='ltr'>terra</span> <span class='ocrx_word' id='word_1_125' title='bbox 582 1402 705 1440; x_wconf 88' lang='lat' dir='ltr'>positus</span> 
     </span>
    </p>
   </div>
   <div class='ocr_carea' id='block_1_17' title="bbox 875 1309 1391 1452">
    <p class='ocr_par' dir='ltr' id='par_1_17' title="bbox 875 1309 1391 1452">
     <span class='ocr_line' id='line_1_29' title="bbox 875 1309 1386 1349; baseline 0.016 -7"><span class='ocrx_word' id='word_1_126' title='bbox 875 1309 937 1343; x_wconf 86' lang='lat' dir='ltr'>lb.</span> <span class='ocrx_word' id='word_1_127' title='bbox 969 1311 1030 1343; x_wconf 88' lang='lat' dir='ltr'>Tot</span> <span class='ocrx_word' id='word_1_128' title='bbox 1057 1313 1175 1346; x_wconf 87' lang='lat' dir='ltr'>virtute</span> <span class='ocrx_word' id='word_1_129' title='bbox 1202 1317 1386 1349; x_wconf 86' lang='lat' dir='ltr'>meritorum</span> 
     </span>
     <span class='ocr_line' id='line_1_30' title="bbox 968 1359 1382 1398; baseline 0.022 -8"><span class='ocrx_word' id='word_1_130' title='bbox 968 1359 1073 1391; x_wconf 89' lang='lat' dir='ltr'>Fulsit</span> <span class='ocrx_word' id='word_1_131' title='bbox 1099 1366 1131 1393; x_wconf 90' lang='lat' dir='ltr'>et</span> <span class='ocrx_word' id='word_1_132' title='bbox 1157 1365 1382 1398; x_wconf 85' lang='lat' dir='ltr'>miraculorum</span> 
     </span>
     <span class='ocr_line' id='line_1_31' title="bbox 1015 1408 1391 1452; baseline 0.021 -13"><span class='ocrx_word' id='word_1_133' title='bbox 1015 1408 1181 1449; x_wconf 85' lang='lat' dir='ltr'>Dignitate</span> <span class='ocrx_word' id='word_1_134' title='bbox 1206 1414 1391 1452; x_wconf 80' lang='lat' dir='ltr'>praeditus!</span> 
     </span>
    </p>
   </div>
   <div class='ocr_carea' id='block_1_18' title="bbox 176 1495 919 1636">
    <p class='ocr_par' dir='ltr' id='par_1_18' title="bbox 176 1495 919 1636">
     <span class='ocr_line' id='line_1_32' title="bbox 176 1495 919 1539; baseline 0.015 -14"><span class='ocrx_word' id='word_1_135' title='bbox 176 1495 236 1526; x_wconf 77' lang='lat'>2³.</span> <span class='ocrx_word' id='word_1_136' title='bbox 268 1495 350 1527; x_wconf 85' lang='lat' dir='ltr'>Nam</span> <span class='ocrx_word' id='word_1_137' title='bbox 377 1496 410 1527; x_wconf 81' lang='lat' dir='ltr'>in</span> <span class='ocrx_word' id='word_1_138' title='bbox 437 1497 526 1528; x_wconf 87' lang='lat' dir='ltr'>cunis</span> <span class='ocrx_word' id='word_1_139' title='bbox 552 1498 593 1530; x_wconf 81' lang='lat' dir='ltr'>ad</span> <span class='ocrx_word' id='word_1_140' title='bbox 620 1501 763 1539; x_wconf 86' lang='lat' dir='ltr'>praemia</span> <span class='ocrx_word' id='word_1_141' title='bbox 869 1503 919 1536; x_wconf 91' lang='lat' dir='ltr'>2b</span> 
     </span>
     <span class='ocr_line' id='line_1_33' title="bbox 270 1542 638 1583; baseline 0.014 -9"><span class='ocrx_word' id='word_1_142' title='bbox 270 1542 460 1583; x_wconf 82' lang='lat' dir='ltr'>Suspirabat</span> <span class='ocrx_word' id='word_1_143' title='bbox 488 1546 638 1579; x_wconf 78' lang='lat' dir='ltr'>caelestia</span> 
     </span>
     <span class='ocr_line' id='line_1_34' title="bbox 317 1592 667 1636; baseline 0.011 -13"><span class='ocrx_word' id='word_1_144' title='bbox 317 1592 494 1624; x_wconf 86' lang='lat' dir='ltr'>Ieiunando</span> <span class='ocrx_word' id='word_1_145' title='bbox 519 1597 667 1636; x_wconf 84' lang='lat' dir='ltr'>parcius;</span> 
     </span>
    </p>
   </div>
   <div class='ocr_carea' id='block_1_19' title="bbox 922 1505 1395 1642">
    <p class='ocr_par' dir='ltr' id='par_1_19' title="bbox 922 1505 1395 1642">
     <span class='ocr_line' id='line_1_35' title="bbox 922 1505 1395 1544; baseline 0.013 -6"><span class='ocrx_word' id='word_1_146' title='bbox 922 1531 930 1538; x_wconf 89' lang='lat'><strong><em>.</em></strong></span> <span class='ocrx_word' id='word_1_147' title='bbox 962 1505 1046 1537; x_wconf 93' lang='lat' dir='ltr'>Hinc</span> <span class='ocrx_word' id='word_1_148' title='bbox 1072 1508 1261 1541; x_wconf 87' lang='lat' dir='ltr'>adulescens</span> <span class='ocrx_word' id='word_1_149' title='bbox 1288 1512 1395 1544; x_wconf 89' lang='lat' dir='ltr'>studio</span> 
     </span>
     <span class='ocr_line' id='line_1_36' title="bbox 963 1554 1379 1598; baseline 0.017 -13"><span class='ocrx_word' id='word_1_150' title='bbox 963 1554 1121 1594; x_wconf 90' lang='lat' dir='ltr'>Propulso</span> <span class='ocrx_word' id='word_1_151' title='bbox 1148 1566 1275 1598; x_wconf 85' lang='lat' dir='ltr'>semper</span> <span class='ocrx_word' id='word_1_152' title='bbox 1303 1560 1379 1591; x_wconf 83' lang='lat' dir='ltr'>vitio</span> 
     </span>
     <span class='ocr_line' id='line_1_37' title="bbox 1011 1603 1383 1642; baseline 0.019 -8"><span class='ocrx_word' id='word_1_153' title='bbox 1011 1603 1075 1635; x_wconf 83' lang='lat' dir='ltr'>Cor</span> <span class='ocrx_word' id='word_1_154' title='bbox 1101 1604 1190 1636; x_wconf 88' lang='lat' dir='ltr'>dedit</span> <span class='ocrx_word' id='word_1_155' title='bbox 1217 1609 1383 1642; x_wconf 82' lang='lat' dir='ltr'>attentius,</span> 
     </span>
    </p>
   </div>
   <div class='ocr_carea' id='block_1_20' title="bbox 171 1687 1354 1792">
    <p class='ocr_par' dir='ltr' id='par_1_20' title="bbox 171 1687 1354 1792">
     <span class='ocr_line' id='line_1_38' title="bbox 171 1687 1354 1737; baseline 0.014 -17"><span class='ocrx_word' id='word_1_156' title='bbox 171 1688 230 1720; x_wconf 86' lang='lat' dir='ltr'>3a.</span> <span class='ocrx_word' id='word_1_157' title='bbox 267 1687 406 1730; x_wconf 85' lang='lat' dir='ltr'>Surgens</span> <span class='ocrx_word' id='word_1_158' title='bbox 431 1690 507 1722; x_wconf 90' lang='lat' dir='ltr'>inde</span> <span class='ocrx_word' id='word_1_159' title='bbox 534 1693 633 1724; x_wconf 78' lang='lat' dir='ltr'>curn&#39;t</span> <span class='ocrx_word' id='word_1_160' title='bbox 660 1696 727 1726; x_wconf 89' lang='lat' dir='ltr'>tute</span> <span class='ocrx_word' id='word_1_161' title='bbox 869 1697 932 1730; x_wconf 91' lang='lat' dir='ltr'>3b.</span> <span class='ocrx_word' id='word_1_162' title='bbox 965 1699 1050 1731; x_wconf 84' lang='lat' dir='ltr'>Voce</span> <span class='ocrx_word' id='word_1_163' title='bbox 1076 1706 1207 1734; x_wconf 83' lang='lat' dir='ltr'>vocatus</span> <span class='ocrx_word' id='word_1_164' title='bbox 1234 1705 1354 1737; x_wconf 84' lang='lat' dir='ltr'>caelica</span> 
     </span>
     <span class='ocr_line' id='line_1_39' title="bbox 270 1737 1317 1792; baseline 0.017 -25"><span class='ocrx_word' id='word_1_165' title='bbox 270 1737 306 1768; x_wconf 87' lang='lat' dir='ltr'>In</span> <span class='ocrx_word' id='word_1_166' title='bbox 334 1737 483 1770; x_wconf 85' lang='lat' dir='ltr'>virtutem</span> <span class='ocrx_word' id='word_1_167' title='bbox 512 1739 552 1771; x_wconf 92' lang='lat' dir='ltr'>de</span> <span class='ocrx_word' id='word_1_168' title='bbox 581 1741 697 1774; x_wconf 83' lang='lat' dir='ltr'>virtute</span> <span class='ocrx_word' id='word_1_169' title='bbox 963 1747 1037 1780; x_wconf 85' lang='lat' dir='ltr'>Vita</span> <span class='ocrx_word' id='word_1_170' title='bbox 1064 1751 1146 1782; x_wconf 87' lang='lat' dir='ltr'>rexit</span> <span class='ocrx_word' id='word_1_171' title='bbox 1173 1753 1317 1792; x_wconf 84' lang='lat' dir='ltr'>angelica</span> 
     </span>
    </p>
   </div>
   <div class='ocr_carea' id='block_1_21' title="bbox 293 1784 1370 1839">
    <p class='ocr_par' dir='ltr' id='par_1_21' title="bbox 293 1784 1370 1839">
     <span class='ocr_line' id='line_1_40' title="bbox 293 1784 1370 1839; baseline 0.017 -23"><span class='ocrx_word' id='word_1_172' title='bbox 293 1784 415 1826; x_wconf 76' lang='lat' dir='ltr'>Dignus</span> <span class='ocrx_word' id='word_1_173' title='bbox 441 1787 483 1819; x_wconf 86' lang='lat' dir='ltr'>ad</span> <span class='ocrx_word' id='word_1_174' title='bbox 510 1790 740 1831; x_wconf 87' lang='lat' dir='ltr'>praesulatum,</span> <span class='ocrx_word' id='word_1_175' title='bbox 1008 1796 1112 1838; x_wconf 81' lang='lat' dir='ltr'>Digne</span> <span class='ocrx_word' id='word_1_176' title='bbox 1138 1800 1370 1839; x_wconf 79' lang='lat' dir='ltr'>pontificatum.</span> 
     </span>
    </p>
   </div>
   <div class='ocr_carea' id='block_1_22' title="bbox 166 1882 1422 1932">
    <p class='ocr_par' dir='ltr' id='par_1_22' title="bbox 166 1882 1422 1932">
     <span class='ocr_line' id='line_1_41' title="bbox 166 1882 1422 1932; baseline 0.014 -18"><span class='ocrx_word' id='word_1_177' title='bbox 166 1882 227 1914; x_wconf 89' lang='lat' dir='ltr'>4a.</span> <span class='ocrx_word' id='word_1_178' title='bbox 260 1882 336 1914; x_wconf 86' lang='lat' dir='ltr'>Vita</span> <span class='ocrx_word' id='word_1_179' title='bbox 371 1885 475 1916; x_wconf 87' lang='lat' dir='ltr'>sancti</span> <span class='ocrx_word' id='word_1_180' title='bbox 506 1895 599 1926; x_wconf 88' lang='lat' dir='ltr'>quam</span> <span class='ocrx_word' id='word_1_181' title='bbox 628 1887 775 1929; x_wconf 83' lang='lat' dir='ltr'>benigna,</span> <span class='ocrx_word' id='word_1_182' title='bbox 862 1891 923 1924; x_wconf 89' lang='lat' dir='ltr'>4b.</span> <span class='ocrx_word' id='word_1_183' title='bbox 958 1893 1026 1932; x_wconf 78' lang='lat' dir='ltr'>Quo</span> <span class='ocrx_word' id='word_1_184' title='bbox 1053 1893 1136 1926; x_wconf 89' lang='lat' dir='ltr'>liniti</span> <span class='ocrx_word' id='word_1_185' title='bbox 1166 1906 1239 1929; x_wconf 86' lang='lat' dir='ltr'>mox</span> <span class='ocrx_word' id='word_1_186' title='bbox 1268 1903 1422 1932; x_wconf 86' lang='lat' dir='ltr'>curantur</span> 
     </span>
    </p>
   </div>
   <div class='ocr_carea' id='block_1_23' title="bbox 261 1931 1401 1984">
    <p class='ocr_par' dir='ltr' id='par_1_23' title="bbox 261 1931 1401 1984">
     <span class='ocr_line' id='line_1_42' title="bbox 261 1931 1401 1984; baseline 0.017 -23"><span class='ocrx_word' id='word_1_187' title='bbox 261 1931 387 1970; x_wconf 82' lang='lat' dir='ltr'>Quanta</span> <span class='ocrx_word' id='word_1_188' title='bbox 419 1933 460 1964; x_wconf 91' lang='lat' dir='ltr'>sit</span> <span class='ocrx_word' id='word_1_189' title='bbox 487 1937 519 1966; x_wconf 87' lang='lat' dir='ltr'>et</span> <span class='ocrx_word' id='word_1_190' title='bbox 545 1935 641 1967; x_wconf 83' lang='lat' dir='ltr'>laude</span> <span class='ocrx_word' id='word_1_191' title='bbox 668 1937 772 1980; x_wconf 84' lang='lat' dir='ltr'>digna,</span> <span class='ocrx_word' id='word_1_192' title='bbox 955 1941 1065 1983; x_wconf 84' lang='lat' dir='ltr'>Aegri,</span> <span class='ocrx_word' id='word_1_193' title='bbox 1093 1945 1205 1984; x_wconf 87' lang='lat' dir='ltr'>quovis</span> <span class='ocrx_word' id='word_1_194' title='bbox 1231 1949 1401 1980; x_wconf 84' lang='lat' dir='ltr'>teneantur</span> 
     </span>
    </p>
   </div>
   <div class='ocr_carea' id='block_1_24' title="bbox 259 1979 1401 2085">
    <p class='ocr_par' dir='ltr' id='par_1_24' title="bbox 259 1979 1401 2085">
     <span class='ocr_line' id='line_1_43' title="bbox 259 1979 1401 2033; baseline 0.017 -23"><span class='ocrx_word' id='word_1_195' title='bbox 259 1979 446 2013; x_wconf 85' lang='lat' dir='ltr'>Sanctitatis</span> <span class='ocrx_word' id='word_1_196' title='bbox 473 1982 611 2022; x_wconf 89' lang='lat' dir='ltr'>probant</span> <span class='ocrx_word' id='word_1_197' title='bbox 639 1985 749 2025; x_wconf 79' lang='lat' dir='ltr'>signa;</span> <span class='ocrx_word' id='word_1_198' title='bbox 953 1989 1080 2031; x_wconf 68' lang='lat' dir='ltr'>Morbo,</span> <span class='ocrx_word' id='word_1_199' title='bbox 1107 1995 1192 2033; x_wconf 87' lang='lat' dir='ltr'>capti</span> <span class='ocrx_word' id='word_1_200' title='bbox 1220 1994 1401 2029; x_wconf 85' lang='lat' dir='ltr'>liberantur</span> 
     </span>
     <span class='ocr_line' id='line_1_44' title="bbox 307 2028 1385 2085; baseline 0.018 -26"><span class='ocrx_word' id='word_1_201' title='bbox 307 2028 431 2062; x_wconf 85' lang='lat' dir='ltr'>Tumba</span> <span class='ocrx_word' id='word_1_202' title='bbox 458 2029 563 2064; x_wconf 90' lang='lat' dir='ltr'>fundit</span> <span class='ocrx_word' id='word_1_203' title='bbox 590 2033 705 2072; x_wconf 79' lang='lat' dir='ltr'>oleum,</span> <span class='ocrx_word' id='word_1_204' title='bbox 1000 2039 1079 2071; x_wconf 88' lang='lat' dir='ltr'>Eius</span> <span class='ocrx_word' id='word_1_205' title='bbox 1106 2050 1165 2081; x_wconf 87' lang='lat' dir='ltr'>per</span> <span class='ocrx_word' id='word_1_206' title='bbox 1187 2043 1385 2085; x_wconf 79' lang='lat' dir='ltr'>suffragium.</span> 
     </span>
    </p>
   </div>
   <div class='ocr_carea' id='block_1_25' title="bbox 163 2125 1268 2180">
    <p class='ocr_par' dir='ltr' id='par_1_25' title="bbox 163 2125 1268 2180">
     <span class='ocr_line' id='line_1_45' title="bbox 163 2125 1268 2180; baseline 0.014 -23"><span class='ocrx_word' id='word_1_207' title='bbox 163 2127 223 2158; x_wconf 88' lang='lat' dir='ltr'>5a.</span> <span class='ocrx_word' id='word_1_208' title='bbox 256 2125 379 2160; x_wconf 87' lang='lat' dir='ltr'>Nautas</span> <span class='ocrx_word' id='word_1_209' title='bbox 405 2128 481 2160; x_wconf 89' lang='lat' dir='ltr'>inde</span> <span class='ocrx_word' id='word_1_210' title='bbox 505 2129 744 2175; x_wconf 80' lang='lat' dir='ltr'>naufragantes,</span> <span class='ocrx_word' id='word_1_211' title='bbox 853 2134 916 2170; x_wconf 88' lang='lat' dir='ltr'>5b.</span> <span class='ocrx_word' id='word_1_212' title='bbox 949 2135 1097 2170; x_wconf 89' lang='lat' dir='ltr'>Gloriose</span> <span class='ocrx_word' id='word_1_213' title='bbox 1124 2139 1268 2180; x_wconf 82' lang='lat' dir='ltr'>Nicolae‚</span> 
     </span>
    </p>
   </div>
   <div class='ocr_carea' id='block_1_26' title="bbox 257 2174 1461 2260">
    <p class='ocr_par' dir='ltr' id='par_1_26' title="bbox 257 2174 1461 2260">
     <span class='ocr_line' id='line_1_46' title="bbox 257 2174 1461 2227; baseline 0.014 -21"><span class='ocrx_word' id='word_1_214' title='bbox 257 2174 324 2207; x_wconf 86' lang='lat' dir='ltr'>Iam</span> <span class='ocrx_word' id='word_1_215' title='bbox 351 2176 391 2208; x_wconf 90' lang='lat' dir='ltr'>de</span> <span class='ocrx_word' id='word_1_216' title='bbox 417 2177 484 2209; x_wconf 89' lang='lat' dir='ltr'>vita</span> <span class='ocrx_word' id='word_1_217' title='bbox 511 2178 731 2223; x_wconf 85' lang='lat' dir='ltr'>desperantes,</span> <span class='ocrx_word' id='word_1_218' title='bbox 948 2184 1015 2217; x_wconf 92' lang='lat' dir='ltr'>Nos</span> <span class='ocrx_word' id='word_1_219' title='bbox 1033 2187 1074 2218; x_wconf 85' lang='lat' dir='ltr'>ad</span> <span class='ocrx_word' id='word_1_220' title='bbox 1095 2191 1221 2227; x_wconf 89' lang='lat' dir='ltr'>portum</span> <span class='ocrx_word' id='word_1_221' title='bbox 1241 2191 1338 2222; x_wconf 84' lang='lat' dir='ltr'>maris</span> <span class='ocrx_word' id='word_1_222' title='bbox 1357 2191 1461 2224; x_wconf 54' lang='lat' dir='ltr'>traho.</span> 
     </span>
     <span class='ocr_line' id='line_1_47' title="bbox 303 2224 700 2260; baseline 0.013 -4"><span class='ocrx_word' id='word_1_223' title='bbox 303 2224 472 2257; x_wconf 87' lang='lat' dir='ltr'>Liberavit</span> <span class='ocrx_word' id='word_1_224' title='bbox 495 2229 527 2258; x_wconf 89' lang='lat' dir='ltr'>et</span> <span class='ocrx_word' id='word_1_225' title='bbox 553 2229 594 2259; x_wconf 88' lang='lat' dir='ltr'>de</span> <span class='ocrx_word' id='word_1_226' title='bbox 619 2229 700 2260; x_wconf 80' lang='lat' dir='ltr'>mari</span> 
     </span>
    </p>
   </div>
   <div class='ocr_carea' id='block_1_27' title="bbox 301 2233 1463 2308">
    <p class='ocr_par' dir='ltr' id='par_1_27' title="bbox 301 2233 1463 2308">
     <span class='ocr_line' id='line_1_48' title="bbox 997 2233 1463 2275; baseline 0.017 -10"><span class='ocrx_word' id='word_1_227' title='bbox 997 2233 1045 2266; x_wconf 91' lang='lat' dir='ltr'>Ne</span> <span class='ocrx_word' id='word_1_228' title='bbox 1072 2236 1223 2275; x_wconf 91' lang='lat' dir='ltr'>procellis</span> <span class='ocrx_word' id='word_1_229' title='bbox 1247 2238 1463 2274; x_wconf 82' lang='lat' dir='ltr'>involvamur.</span> 
     </span>
     <span class='ocr_line' id='line_1_49' title="bbox 301 2272 682 2308; baseline 0.01 -4"><span class='ocrx_word' id='word_1_230' title='bbox 301 2272 401 2305; x_wconf 84' lang='lat' dir='ltr'>Manu</span> <span class='ocrx_word' id='word_1_231' title='bbox 428 2274 521 2307; x_wconf 87' lang='lat' dir='ltr'>duxit</span> <span class='ocrx_word' id='word_1_232' title='bbox 547 2276 682 2308; x_wconf 86' lang='lat' dir='ltr'>salutari</span> 
     </span>
    </p>
   </div>
   <div class='ocr_carea' id='block_1_28' title="bbox 995 2282 1439 2327">
    <p class='ocr_par' dir='ltr' id='par_1_28' title="bbox 995 2282 1439 2327">
     <span class='ocr_line' id='line_1_50' title="bbox 995 2282 1439 2327; baseline 0.014 -13"><span class='ocrx_word' id='word_1_233' title='bbox 995 2282 1059 2315; x_wconf 85' lang='lat' dir='ltr'>Sed</span> <span class='ocrx_word' id='word_1_234' title='bbox 1086 2287 1121 2315; x_wconf 88' lang='lat' dir='ltr'>ut</span> <span class='ocrx_word' id='word_1_235' title='bbox 1147 2288 1250 2317; x_wconf 88' lang='lat' dir='ltr'>tecum</span> <span class='ocrx_word' id='word_1_236' title='bbox 1278 2285 1439 2327; x_wconf 68' lang='lat' dir='ltr'>erigamur</span> 
     </span>
    </p>
   </div>
   <div class='ocr_carea' id='block_1_29' title="bbox 124 2322 1461 2533">
    <p class='ocr_par' dir='ltr' id='par_1_29' title="bbox 124 2322 1461 2533">
     <span class='ocr_line' id='line_1_51' title="bbox 350 2322 1408 2375; baseline 0.013 -21"><span class='ocrx_word' id='word_1_237' title='bbox 350 2322 466 2355; x_wconf 88' lang='lat' dir='ltr'>Portus</span> <span class='ocrx_word' id='word_1_238' title='bbox 492 2323 534 2356; x_wconf 89' lang='lat' dir='ltr'>ad</span> <span class='ocrx_word' id='word_1_239' title='bbox 561 2325 737 2366; x_wconf 88' lang='lat' dir='ltr'>praesidia.</span> <span class='ocrx_word' id='word_1_240' title='bbox 1042 2333 1094 2363; x_wconf 87' lang='lat' dir='ltr'>Ad</span> <span class='ocrx_word' id='word_1_241' title='bbox 1121 2338 1254 2366; x_wconf 87' lang='lat' dir='ltr'>aeterna</span> <span class='ocrx_word' id='word_1_242' title='bbox 1280 2336 1408 2375; x_wconf 82' lang='lat' dir='ltr'>gaudia.</span> 
     </span>
     <span class='ocr_line' id='line_1_52' title="bbox 204 2417 1461 2465; baseline 0.013 -19"><span class='ocrx_word' id='word_1_243' title='bbox 204 2417 292 2446; x_wconf 79' lang='lat' dir='ltr'>Grad.</span> <span class='ocrx_word' id='word_1_244' title='bbox 320 2428 374 2448; x_wconf 86' lang='lat' dir='ltr'>ms.</span> <span class='ocrx_word' id='word_1_245' title='bbox 401 2421 632 2451; x_wconf 84' lang='lat' dir='ltr'>Dominicanum</span> <span class='ocrx_word' id='word_1_246' title='bbox 663 2433 731 2452; x_wconf 85' lang='lat' dir='ltr'>saec</span> <span class='ocrx_word' id='word_1_247' title='bbox 758 2423 802 2453; x_wconf 89' lang='lat'>15.</span> <span class='ocrx_word' id='word_1_248' title='bbox 829 2426 900 2456; x_wconf 82' lang='lat' dir='ltr'>eod.</span> <span class='ocrx_word' id='word_1_249' title='bbox 928 2429 1096 2457; x_wconf 82' lang='lat' dir='ltr'>Bruxelleu.</span> <span class='ocrx_word' id='word_1_250' title='bbox 1123 2429 1208 2458; x_wconf 85' lang='lat'><strong>6435.</strong></span> <span class='ocrx_word' id='word_1_251' title='bbox 1229 2447 1266 2451; x_wconf 89' lang='lat'><strong>—</strong></span> <span class='ocrx_word' id='word_1_252' title='bbox 1286 2432 1345 2465; x_wconf 69' lang='lat'>3³,</span> <span class='ocrx_word' id='word_1_253' title='bbox 1379 2433 1397 2461; x_wconf 86' lang='lat'>2</span> <span class='ocrx_word' id='word_1_254' title='bbox 1420 2437 1461 2463; x_wconf 69' lang='lat' dir='ltr'>De</span> 
     </span>
     <span class='ocr_line' id='line_1_53' title="bbox 124 2456 1461 2533; baseline 0.013 -49"><span class='ocrx_word' id='word_1_255' title='bbox 124 2456 453 2533; x_wconf 47' lang='lat' dir='ltr'>Kirguetlefiilzztfirtutem.</span> <span class='ocrx_word' id='word_1_256' title='bbox 473 2477 511 2481; x_wconf 97' lang='lat'><strong>—</strong></span> <span class='ocrx_word' id='word_1_257' title='bbox 530 2463 615 2490; x_wconf 79' lang='lat' dir='ltr'>MeL:</span> <span class='ocrx_word' id='word_1_258' title='bbox 638 2463 752 2491; x_wconf 82' lang='lat' dir='ltr'>Salve</span> <span class='ocrx_word' id='word_1_259' title='bbox 773 2467 891 2495; x_wconf 84' lang='lat' dir='ltr'>mater</span> <span class='ocrx_word' id='word_1_260' title='bbox 912 2469 1128 2497; x_wconf 81' lang='lat' dir='ltr'>salvatoris</span> <span class='ocrx_word' id='word_1_261' title='bbox 1149 2469 1301 2502; x_wconf 84' lang='lat' dir='ltr'>(deutsche</span> <span class='ocrx_word' id='word_1_262' title='bbox 1323 2473 1461 2510; x_wconf 47' lang='lat' dir='ltr'>Fazsung</span> 
     </span>
    </p>
   </div>
   <div class='ocr_carea' id='block_1_30' title="bbox 1230 2558 1286 2587">
    <p class='ocr_par' dir='ltr' id='par_1_30' title="bbox 1230 2558 1286 2587">
     <span class='ocr_line' id='line_1_54' title="bbox 1230 2558 1286 2587; baseline 0.018 0"><span class='ocrx_word' id='word_1_263' title='bbox 1230 2558 1286 2587; x_wconf 76' lang='lat'>15*</span> 
     </span>
    </p>
   </div>
  </div>
 </body>
</html>
