1655 2713
708 149 945 185 -91—

178 245 239 277 4a.
273 243 347 284 Dic,
377 245 503 285 Valeri,
529 247 607 287 quid
634 247 754 278 audisti
879 247 941 281 4b.
976 247 1048 289 Dic,
1076 247 1196 286 Valeri,
1223 248 1299 288 quid
1327 248 1445 279 audisti

273 292 480 333 Alloquendo
491 303 641 335 sponsam
649 294 794 328 Christi?
974 295 1178 336 Alloquendo
1186 305 1336 336 sponsam
1345 296 1490 328 Christi?

280 349 333 392 „Si
360 350 483 383 incaste
510 361 559 384 me
586 353 755 392 contingis,
977 353 1030 395 „Si
1046 357 1077 384 te
1091 353 1227 385 mundas
1241 354 1359 384 mundo
1372 354 1489 385 cedens

275 397 356 430 Dira
381 409 486 439 poena
512 404 544 432 te
570 401 764 441 constringis
975 402 1017 433 Et
1040 402 1071 433 in
1091 411 1199 433 verum
1218 401 1321 433 Deum
1341 402 1487 442 credens,

322 447 441 479 Mortis
468 457 526 488 per
551 447 748 482 interitum.“
1022 450 1148 483 Mecum
1175 459 1286 481 cernes
1306 448 1485 490 angelum.“

178 535 240 566 53.
277 533 350 573 Die,
378 533 500 575 Valeri,
528 535 604 574 quid
633 534 739 566 fecisti
880 536 943 569 5b.
980 537 1051 576 Dic,
1081 537 1199 579 Valeri,
1227 538 1302 578 quid
1331 537 1451 575 vidisti,

281 582 453 622 Postquam
480 582 560 616 haec
583 582 794 615 intellexisti?
976 586 1145 626 Postquam
1173 587 1278 618 Iesum
1305 586 1463 617 induisti?

277 639 330 671 Ad
362 639 528 672 Urbanum
556 642 729 681 properavi
973 643 1063 674 Tunc
1089 644 1267 683 angelicum
1296 644 1443 675 decorem

278 688 322 719 Et
348 693 508 720 secretum
535 690 675 721 revelavi
975 691 1050 722 Vidi
1075 692 1216 723 sentiens
1263 692 1425 723 dulcorem

275 736 320 768 Et
349 736 392 768 ibi
420 745 470 768 me
497 738 648 769 renovavi
974 739 1018 770 Et
1044 740 1215 770 rosaticum
1241 740 1384 772 odorem.

327 784 418 817 Sacri
444 783 542 816 fontis
569 784 708 818 flumine.
1025 786 1235 826 Fragrantem
1263 788 1295 818 in
1322 788 1451 821 lumine.

181 871 242 904 63.
279 871 351 911 Dic,
379 871 500 909 Valeri,
529 871 605 911 quid
631 872 760 903 sensisti
877 871 938 905 6b.
975 872 1047 910 Dic,
1076 873 1195 909 Valeri,
1225 873 1302 913 quid
1329 874 1455 905 sensisti

276 919 425 958 Amplius
453 919 494 950 de
512 928 629 958 sponsa
650 919 792 951 Christi?
972 921 1122 960 Amplius
1150 921 1188 951 de
1211 930 1330 960 sponsa
1348 922 1488 954 Christi?

276 977 424 1009 Fratrem
456 976 533 1007 mihi
560 977 696 1008 sociavit
974 978 1175 1009 Almachium
1203 980 1378 1018 superavit,

275 1025 318 1057 Et
344 1025 385 1056 ad
412 1025 552 1066 palmam
579 1025 729 1057 invitavit
977 1026 1070 1057 Ensis
1097 1035 1165 1057 eam
1191 1027 1357 1068 iugulavit,

274 1073 318 1105 Et
343 1077 514 1112 utrumque
539 1074 760 1114 praesentavit
974 1073 1027 1106 Sic
1054 1078 1212 1106 amantem
1240 1075 1394 1106 reamavit

324 1121 463 1153 Caelesti
494 1121 638 1161 collegio.
1023 1122 1139 1154 Mortis
1166 1124 1345 1164 privilegio.

177 1210 236 1241 7a.
275 1209 300 1241 Ο
329 1208 448 1246 Valeri,
477 1208 558 1249 vale,
587 1217 662 1240 care
877 1209 939 1242 7b.
975 1209 1017 1241 Et
1042 1212 1086 1247 tu,
1113 1214 1216 1241 mater
1243 1211 1333 1242 huius
1362 1210 1447 1253 festi,

273 1258 323 1289 Ac
350 1266 408 1296 pro
435 1256 527 1288 nobis
555 1257 750 1297 deprecare,
971 1257 1038 1289 Nos
1064 1267 1173 1290 amore
1199 1260 1308 1298 sponsi
1338 1260 1427 1298 vesti,

581 1345 611 1377 8.
641 1344 685 1377 Ut
710 1344 741 1376 in
769 1348 872 1376 morte

642 1393 731 1424 Bona
756 1397 842 1425 sorte

641 1441 705 1473 Det
731 1451 789 1473 nos
816 1442 863 1472 uti
890 1451 959 1473 cum
990 1442 1093 1473 beatis

643 1489 744 1520 Sertis
771 1498 830 1530 per
855 1493 886 1521 te
915 1491 1092 1524 seminatis

230 1573 318 1601 Grad.
341 1583 394 1601 ms.
415 1575 553 1602 Murense
576 1576 646 1601 anni
670 1572 752 1602 1532.
774 1575 844 1602 Cod.
866 1576 1046 1611 Aargovien.
1068 1576 1098 1602 M
1120 1575 1137 1602 5
1155 1576 1204 1602 fol.
1228 1585 1265 1602 m.
1283 1591 1321 1594 —
1344 1577 1484 1604 Melodie:

151 1612 284 1649 Surgit
314 1612 493 1640 Christus
522 1622 599 1640 eum
630 1617 798 1649 tropaeo.

601 1736 647 1767 92.
691 1737 732 1768 De
754 1738 864 1768 sancto
885 1737 1024 1768 Cataldo.

176 1818 235 1850 la.
275 1817 370 1857 Cogis
405 1817 546 1858 linguam
574 1817 637 1849 fari
662 1818 785 1857 laudes,
874 1818 934 1853 lb.
972 1819 1061 1850 Haec
1075 1823 1124 1851 est
1140 1830 1209 1851 rosa
1227 1821 1318 1852 nobis
1333 1819 1482 1862 fragrans

249 1865 298 1898 Ὀ
326 1866 472 1905 Catalde,
500 1871 535 1898 tu
561 1866 615 1906 qui
641 1867 762 1908 gaudes
968 1868 1011 1899 Et
1037 1869 1154 1900 ardore
1179 1869 1239 1900 sibi
1266 1868 1406 1909 flagrans

319 1915 356 1947 In
384 1915 466 1946 caeli
491 1916 625 1948 rosario.
1018 1917 1154 1948 Virtutis
1180 1918 1341 1951 incendio.

173 2002 234 2034 22.
275 2002 343 2034 Nos
369 2001 489 2034 virtute
514 2002 655 2042 protegit
874 2002 937 2036 2b.
974 2003 1107 2045 Lapsos,
1137 2002 1256 2035 fractos
1283 2006 1379 2045 erigit

270 2050 314 2082 Et
339 2050 486 2090 exemplo
514 2051 626 2091 dirigit
971 2052 1015 2083 Et
1042 2052 1161 2084 electos
1189 2053 1311 2094 dirigit,

317 2098 408 2131 Sicut
433 2102 545 2140 pastor
570 2099 683 2132 bonus.
1022 2101 1155 2132 Tarenti
1181 2105 1346 2141 patronus.

173 2187 234 2219 33.
271 2185 376 2218 Cadat
402 2190 511 2218 coetus
538 2186 689 2226 hostium,
873 2187 935 2221 3b.
971 2188 1074 2220 Cedat
1100 2187 1193 2219 fletus
1221 2189 1371 2229 tristium,

269 2233 371 2267 Cedat
403 2239 506 2266 metus
532 2235 670 2275 pestium
969 2236 1041 2268 Fiat
1068 2236 1172 2267 laetus
1198 2237 1339 2268 omnium

315 2283 479 2315 Praesulis
507 2284 644 2324 virtute;
1017 2284 1143 2317 Cuneus
1169 2285 1284 2318 salute.

172 2370 234 2403 4a.
272 2369 333 2402 Per
358 2373 391 2402 te
416 2371 504 2403 salus
530 2371 571 2403 sit
597 2373 741 2414 aegroto,
872 2370 935 2405 4b.
971 2370 1116 2403 Satistiat
1141 2375 1252 2403 nostro
1279 2376 1363 2413 voto,

317 2418 429 2460 Sitque
452 2419 552 2452 robur
577 2419 688 2457 debili,
1016 2420 1060 2451 Et
1085 2419 1128 2451 sit
1154 2420 1242 2452 clero
1268 2420 1368 2452 nobili

366 2467 484 2500 Portus
509 2467 747 2509 navigantibus
1063 2468 1222 2500 Mentium
1256 2469 1290 2500 iu
1320 2470 1481 2505 laudibus,
