1655 2713
744 155 980 190 -84—

379 255 442 287 3a.
474 253 523 285 De
548 262 678 293 quorum
705 260 836 284 numero
862 251 952 291 quasi
978 251 1032 282 lux
1059 251 1099 283 de
1125 250 1232 282 sidere
1257 250 1340 283 caeli

520 301 761 332 Bernhardinus
786 299 856 332 adit
882 299 968 331 mitis
995 299 1026 330 in
1051 298 1129 330 orbe
1154 307 1286 339 agrum3

380 414 399 444 3
415 411 445 444 b.
477 411 601 443 Nobilis
628 420 665 443 ex
691 414 794 451 gente,
821 411 893 450 plus
919 419 1041 441 morum
1068 409 1246 447 nobilitate,

521 459 650 490 Christo
677 459 882 498 complacuit,
911 458 961 489 cui
984 467 1041 490 sua
1067 462 1181 490 cuneta
1208 458 1308 490 dedit.

378 572 445 600 421.
479 569 644 599 vomerem
674 568 838 599 doctrinae
862 567 1009 598 manibus
1036 568 1089 607 qui
1118 567 1211 599 solvit
1238 567 1393 609 utrisque,

523 615 651 646 Fundat
678 620 712 646 ut
740 616 894 646 incultum
922 616 1069 656 dogmate
1096 616 1191 648 valde
1217 616 1330 658 solum,

376 728 395 758 4
416 725 446 757 b.
478 726 520 757 Et
549 726 672 765 lapides
698 726 808 766 abigit,
835 730 869 757 ut
896 726 1019 765 possint
1046 734 1191 758 crescere
1216 725 1335 766 fruges,

524 773 682 813 Vepribus
709 773 855 813 abruptis
882 774 995 813 sulcat,
1021 779 1055 805 ut
1082 779 1176 813 aptus
1203 779 1283 807 aret.

379 885 397 914 5
413 891 442 916 a.
474 881 613 913 Seminat
640 882 691 913 hic
719 882 846 913 Domini
871 882 1003 914 verbum
1029 892 1087 922 per
1113 884 1242 915 climata
1267 884 1389 919 mundi,

520 930 678 970 Exemplo
705 930 823 962 Christi
851 934 934 961 totus
961 940 1068 962 amore
1094 930 1219 971 flagrat.

378 1041 395 1069 5
413 1038 443 1070 b.
475 1038 574 1070 Sedat
599 1039 712 1079 litigia,
741 1039 901 1070 diversum
927 1038 1066 1071 schisma
1093 1038 1257 1081 reformat,

520 1086 687 1117 Enervans
714 1086 869 1117 haeresim
899 1085 980 1118 falce
1005 1095 1137 1126 gregata
1162 1088 1263 1119 metit.

377 1198 439 1229 6a.
475 1196 641 1228 Francisci
666 1197 741 1227 lima
767 1197 813 1227 sic
840 1196 944 1228 ferrea
970 1200 1100 1236 pectora
1126 1201 1242 1237 purgat

520 1244 626 1283 Atque
652 1244 756 1284 ligone
783 1253 838 1275 suo
867 1253 963 1275 saxea
990 1245 1089 1276 corda
1114 1249 1229 1278 movet.

377 1350 396 1380 6
413 1347 444 1380 b.
477 1347 601 1378 Horrea
623 1349 669 1378 sie
697 1348 823 1378 Domini
850 1348 978 1387 gestivit
1009 1349 1125 1380 ducere
1151 1349 1256 1388 plene,

521 1395 563 1427 Ut
590 1396 752 1435 maniplos
778 1395 861 1426 laete
887 1394 987 1426 ferret
1012 1396 1044 1427 in
1070 1405 1145 1427 arce
1171 1397 1246 1436 poli.

381 1500 396 1530 7
414 1508 442 1532 a.
474 1499 560 1538 Ergo
587 1499 677 1530 Iesus
707 1499 862 1537 Christus,
891 1500 940 1531 cui
966 1509 1080 1532 nomen
1107 1500 1307 1543 clarificavit,

520 1547 548 1578 Ε
573 1556 726 1578 converso
753 1557 844 1578 suum
873 1547 1060 1579 clarificavit
1086 1558 1166 1588 opus

380 1653 396 1684 7
413 1652 444 1685 b.
477 1653 592 1692 Signis,
620 1653 787 1692 prodigiis,
815 1653 869 1693 pia
894 1663 952 1693 per
979 1654 1135 1686 miracula
1159 1656 1260 1687 multa

519 1701 555 1732 In
583 1701 656 1742 vita,
686 1705 805 1739 morte;
833 1701 902 1732 laus
927 1701 995 1742 tibi,
1026 1701 1154 1733 Christe
1181 1703 1263 1737 Iesu.

377 1806 439 1837 8a.
471 1804 584 1836 Claudi
611 1814 682 1835 nam
710 1808 851 1847 currunt,
878 1805 986 1844 plures
1013 1815 1031 1837 a
1057 1811 1159 1838 morte
1184 1813 1364 1849 resurgunt,

518 1852 561 1883 Et
586 1853 675 1883 audit
701 1853 827 1894 surdus,
855 1853 972 1884 lumine
996 1862 1108 1885 caecus
1133 1859 1217 1888 ovat.

377 1957 396 1988 8
413 1956 443 1989 b.
475 1957 635 1996 Leprosus
662 1957 790 1997 candet,
816 1967 889 1989 mox
916 1967 1146 1999 energumenus
1174 1966 1256 2003 orat,

517 2004 561 2036 Et
587 2014 648 2036 non
671 2009 719 2036 est
745 2005 884 2047 morbus,
911 2007 986 2046 quin
1014 2006 1100 2047 fugat
1128 2008 1230 2040 almus
1257 2018 1338 2043 eum.

377 2112 396 2142 9
412 2120 440 2142 a.
474 2110 499 2142 Ο
526 2110 759 2148 Bernhardine,
786 2119 910 2150 poscaS‚
937 2115 1031 2152 pater
1056 2122 1074 2144 o
1101 2113 1290 2154 seraphiae,

520 2158 563 2190 Ut
589 2157 716 2189 famulis
743 2167 854 2198 pacem
882 2159 935 2190 det
962 2159 1049 2191 Deus
1075 2161 1144 2201 ipse
1169 2163 1243 2204 tuis,

376 2263 396 2295 9
411 2263 442 2296 b.
474 2264 519 2297 Ut
544 2267 616 2304 post
641 2263 787 2296 assiduos
813 2268 844 2295 et
870 2265 985 2297 multos
1013 2266 1108 2298 valde
1133 2267 1260 2300 labores

518 2312 711 2352 Apprendat
737 2321 834 2352 regna
860 2311 1009 2345 laudibus
1033 2319 1111 2354 apta
1140 2316 1216 2356 poli.

279 2417 362 2443 Miss.
391 2426 442 2443 ms.
464 2416 613 2444 Gurcense
640 2425 716 2444 saec.
744 2415 786 2444 15.
811 2417 881 2444 Cod.
903 2418 1044 2445 Virunen.
1064 2419 1143 2454 (hist.
1165 2421 1294 2456 Verein.)
1315 2420 1372 2451 332
1391 2423 1460 2460 (We).
1481 2441 1520 2445 —

202 2452 257 2487 4³,
282 2454 295 2482 1
318 2455 449 2482 Vomere.
471 2470 508 2474 —
529 2453 584 2488 8b,
607 2453 625 2482 2
646 2456 765 2483 morbus
789 2456 914 2492 quando.
