1655 2713
215 250 272 282 221.

213 432 231 462 3
243 440 270 463 a.

209 614 266 643 4³.

208 794 267 823 Sa.

204 973 263 1005 63..

205 1153 262 1185 7a.

203 1334 261 1365 Sa.

275 1514 356 1540 Miss.
387 1524 438 1541 ms.

743 155 1005 190 -132—

307 250 463 282 Mundum
487 256 633 284 scrutans
650 252 682 283 in
701 252 839 283 decretis

309 297 510 330 Praedicaris
538 309 556 331 a
582 299 760 341 prophetis,

356 347 453 378 Sacro
479 356 607 378 manans
634 352 780 388 nectare3

302 430 421 462 Nectar
446 430 545 462 fluens
572 441 589 463 a
615 431 733 464 fluento

306 478 481 515 Trinitatis,
508 480 658 518 opulento

353 524 446 558 Vitae
473 526 512 557 de
538 525 711 568 profluvio;

298 611 339 642 Et
367 612 425 642 hoc
451 612 533 643 idem
563 612 648 645 Deus
673 612 743 653 fuit,

303 660 364 691 Per
390 659 472 698 quod
499 659 590 691 nobis
609 665 720 693 nectar
737 662 829 702 pluit,

349 706 465 738 Divina
490 707 665 751 confecti03

298 792 390 823 Mens
416 792 559 825 adversis
585 794 758 835 hilarescit,

299 839 411 871 Mundi
440 839 540 872 fastus
566 846 596 872 et
623 843 748 874 vilescit

370 887 520 928 Reproba
546 891 754 930 prosperitas,

297 972 416 1012 Liquor
442 975 543 1016 divus,
572 975 642 1007 fons
659 977 828 1020 inundanS,

300 1020 406 1052 Imbre
432 1022 533 1054 lacteo
560 1022 733 1056 fecundans

346 1067 523 1101 Effluentes
549 1071 670 1109 latices,

295 1153 410 1185 Mundi
435 1156 580 1196 principe
608 1158 743 1198 devicto,

298 1200 412 1241 Spreto
437 1204 606 1236 Caesarum
634 1205 738 1238 edicto

346 1248 472 1280 Celebri
500 1252 642 1289 victoria,

295 1333 385 1375 Vere,
413 1336 505 1375 iuste,
532 1338 600 1368 iure
627 1339 730 1378 legum

297 1382 363 1413 Hos
374 1383 549 1421 laudemus,
565 1395 642 1424 quos
655 1396 711 1418 rex
721 1396 829 1427 regum

368 1430 493 1462 Summa
521 1432 635 1464 lustrat
661 1435 773 1474 gloria.

200 1551 296 1583 Quod.
318 1567 354 1570 —
375 1553 430 1582 δὴ,
456 1553 467 1580 1
491 1555 632 1583 Adaucte.

203 1803 260 1834 la.

201 1984 262 2014 22..

198 2347 260 2377 4a.

927 253 989 288 2b,
1020 253 1123 285 Dulce
1149 258 1261 286 nectar
1286 258 1318 286 et
1345 255 1451 296 vitale,

1022 300 1142 334 Nectar
1168 302 1291 334 cunctis
1316 302 1485 344 inaequale

1069 350 1161 382 Omni
1187 350 1316 390 dempto
1341 359 1503 392 compare.

921 433 982 466 3b.
1014 435 1083 467 Hoc
1109 444 1127 467 e
1153 437 1252 468 caelis
1275 437 1317 469 ad
1336 447 1392 470 nos
1413 439 1532 471 transit

1014 483 1145 524 Nectar,
1169 485 1254 525 quod
1276 486 1308 517 in
1327 485 1396 518 Deo
1414 487 1533 519 mansit

1063 532 1204 564 Verbum
1230 543 1250 565 a
1275 534 1448 575 principio.

919 616 982 649 4b.
1012 617 1134 650 Nectar
1159 619 1291 659 clarum,
1319 630 1411 653 sacer
1428 622 1531 661 rivus,

1013 666 1081 704 Quo
1107 666 1143 698 fit
1167 667 1261 700 homo
1287 669 1462 709 redivivus,

1064 714 1186 747 Ductus
1212 716 1253 748 ab
1280 717 1403 750 exsilio.

917 797 977 832 5b.
1011 798 1134 840 Gurges
1162 802 1267 834 mellei
1293 808 1438 844 gustatus

1016 847 1164 880 Nectaris
1190 850 1383 895 inopinatus,

1062 896 1148 928 Mira
1175 897 1373 935 delicacitas,

914 980 979 1014 6b.
1012 981 1100 1013 Duas
1128 983 1222 1015 urbes
1251 985 1307 1017 has
1334 986 1446 1027 olivas,

1014 1030 1103 1061 Inter
1128 1031 1248 1071 gloriae
1275 1035 1426 1066 convivas

1060 1078 1126 1109 Iam
1153 1079 1315 1119 plantatos
1341 1080 1484 1115 frutices.

913 1163 930 1194 7
947 1161 978 1194 b.
1010 1164 1148 1202 Quorum
1175 1166 1314 1198 iubilant
1339 1168 1482 1201 adventu

1010 1212 1206 1252 Angelorum
1235 1223 1306 1246 cum
1333 1222 1489 1249 concentu

1058 1259 1281 1299 Super-norum
1308 1264 1435 1303 gaudia.

919 1343 981 1376 Sb.
1013 1345 1068 1376 Pie
1095 1346 1187 1378 Felix
1217 1352 1246 1379 et
1272 1349 1408 1390 Adacte,

1014 1393 1074 1424 Per
1101 1403 1156 1425 vos
1181 1397 1362 1436 supplicum
1379 1398 1527 1431 intactae

1060 1441 1182 1474 Causae
1209 1444 1272 1475 sint
1299 1445 1329 1476 in
1357 1447 1474 1485 patria.

469 1516 759 1546 Mosaetraiectinum
788 1529 863 1548 saec.
894 1521 937 1550 15.
968 1525 1037 1552 Cod.
1068 1527 1202 1563 Haagen.
1223 1529 1251 1557 J.
1283 1528 1325 1556 10.
1350 1544 1384 1549 —
1410 1529 1479 1563 4b,
1509 1530 1528 1559 2

587 1707 647 1739 139.
690 1710 731 1739 De
753 1718 793 1741 ss.
816 1710 918 1743 Felice
941 1715 972 1743 et
992 1714 1141 1747 Adaucto.

294 1801 460 1842 Salutaris,
489 1807 558 1837 veni
587 1808 679 1844 caris,

297 1849 444 1882 Fletibus
471 1854 589 1885 nostris
614 1856 730 1887 amaris

343 1897 392 1929 Sis
419 1899 559 1932 solamen
587 1904 712 1934 unicum

295 1979 475 2016 Gloriemur
501 1991 606 2018 mente
633 1997 718 2029 sana,

295 2031 539 2064 Contemnentes
567 2036 662 2066 saecli
690 2046 769 2069 vana

341 2079 543 2112 Exsultando
571 2083 725 2122 dulcium-3

293 2162 450 2197 Sacerdos
477 2166 569 2199 Felix
597 2171 770 2211 praecelse,

295 2213 453 2253 Adaucte,
481 2216 630 2256 princeps
657 2219 791 2261 excelse,

343 2262 401 2300 Qui
428 2264 595 2302 sprevistis
620 2265 716 2307 idola,

293 2343 448 2380 Unionem
476 2359 613 2390 sponsae
639 2352 759 2385 Christi

292 2395 457 2429 Ecclesiae
484 2399 557 2431 date
583 2400 667 2432 tristi

342 2443 522 2485 Largiendo
548 2452 727 2493 pneumata,

918 1812 978 1846 1b.
1011 1812 1048 1846 ln
1076 1815 1136 1847 hoc
1163 1816 1244 1849 festo
1271 1824 1479 1859 patronorum

1011 1862 1037 1893 F
1041 1863 1140 1903 elici5‚
1168 1866 1318 1903 Adaucti.
1348 1879 1481 1909 quorum

1054 1910 1112 1941 Est
1140 1917 1300 1947 certamen
1327 1917 1496 1952 Punicum.

915 1994 977 2026 eb.
1010 1993 1222 2036 Imploremus
1249 2011 1344 2041 prece
1371 2015 1483 2047 prona,

1012 2043 1051 2075 Ut
1083 2045 1136 2076 det
1162 2048 1253 2080 nobis
1280 2053 1361 2084 caeli
1388 2055 1472 2088 dona

1056 2092 1096 2123 Et
1124 2103 1253 2134 regnum
1281 2098 1432 2135 feliciter.

912 2175 975 2208 3b.
1006 2174 1158 2212 Mucrone
1184 2183 1224 2214 ob
1253 2185 1311 2217 hoc
1337 2191 1487 2231 truncati,

1007 2225 1117 2259 Palma
1143 2231 1222 2262 caeli
1250 2233 1398 2272 trabeati.

1052 2274 1233 2317 Martyrum
1261 2284 1402 2318 aureola.

912 2358 973 2392 4b.
1004 2356 1125 2394 Navem
1152 2365 1241 2398 Petri
1266 2367 1362 2401 fixam
1388 2376 1487 2417 stare,

1005 2408 1124 2442 Fauste
1150 2414 1252 2451 possit
1278 2418 1492 2464 triumphare,

1053 2457 1275 2500 Propellentes
1301 2467 1486 2504 schismata.
