1655 2713
760 160 996 194 -20-

242 255 260 286 6
281 263 309 286 a.
342 255 463 286 Horum
491 256 544 296 pia
570 265 664 298 prece
690 259 816 296 patrum

334 302 377 334 Et
395 307 574 335 sanctarum
591 305 691 336 sacris
707 308 841 335 matrum

381 351 532 383 Precibus
558 356 589 383 et
616 352 747 391 meritis,

289 425 410 452 Missale
440 427 625 453 Nannetense
653 427 720 461 imp.
750 426 882 452 Venetiis
912 424 994 454 1482.
1023 428 1056 454 A.
1079 442 1114 446 —
1135 428 1219 455 Miss.
1244 429 1433 455 Nannetense
1461 427 1533 462 imp.

931 257 950 289 6
967 255 997 290 b.
1031 257 1086 288 Pie
1113 257 1250 295 Christe,
1277 256 1321 287 sis
1347 255 1494 295 placatus

1021 304 1195 336 Miserator
1220 305 1388 335 miseratus

1070 353 1181 390 Nobis,
1209 353 1273 383 tuis
1299 351 1448 384 subditis.

214 462 369 498 Rotomagi
394 462 473 491 1520.
495 465 529 490 B.
557 479 585 482 -
607 463 664 495 5b,
685 462 702 490 2
725 468 752 491 et
773 465 895 499 possitis
915 465 950 491 A.

642 603 678 634 11.
719 603 762 634 De
784 603 930 634 Omnibus
950 604 1084 636 Sanctis.

236 691 251 722 1
268 699 295 723 a.
329 690 368 722 Ut
396 700 565 730 sequamur
593 693 663 732 pari
690 693 758 724 zelo

382 745 561 770 sanctorum
589 741 732 780 vestigia,

236 815 298 846 22.
334 814 432 846 Offert
458 815 548 846 nobis
575 817 656 849 tria:
684 827 798 856 rosam,

381 862 494 894 violam
522 868 553 894 et
578 864 689 904 lilium,

240 937 259 968 3
274 947 303 969 a.
336 938 421 969 Rosa
445 939 549 979 signat
574 946 732 981 martyres

379 994 436 1024 per
463 987 597 1018 colorem
625 988 765 1023 rubeum,

236 1062 298 1092 4a.
334 1061 527 1101 Virginalem
554 1064 759 1095 candidatum

382 1114 553 1141 attestatur
578 1111 690 1143 lilium.

237 1186 254 1214 5
270 1194 297 1215 a.
334 1184 400 1215 Nos
426 1190 541 1216 mactet
568 1191 601 1217 ut
626 1192 782 1226 martyres

378 1241 453 1263 vera
479 1234 646 1275 patientia,

237 1308 299 1339 6a.
333 1307 398 1338 Nos
425 1313 590 1340 conservet
617 1311 754 1350 virgines

379 1355 460 1394 iugis
487 1358 683 1397 castimonia,

238 1430 255 1461 7
271 1439 298 1461 a.
331 1430 492 1462 Adiuvent
508 1441 563 1463 nos
578 1434 690 1471 sancti⁷
705 1443 837 1473 quorum

380 1478 510 1510 colimus
537 1480 712 1521 sollemnia,

924 694 988 726 lb.
1022 695 1122 726 Nobis
1150 695 1260 727 borum
1287 696 1396 738 vitam,
1424 705 1529 728 mores

1063 744 1215 783 proponit
1241 745 1388 778 ecclesia.

925 819 943 850 2
960 818 991 852 b.
1024 820 1067 852 Ut
1094 820 1243 852 ostendat
1268 820 1359 852 nobis
1387 821 1469 853 viam

1068 867 1109 898 ad
1136 868 1274 901 caeleste
1300 868 1457 902 bravium.

927 944 945 974 3
962 942 992 974 b.
1026 943 1234 976 Confessores
1260 945 1345 977 viola

1068 1001 1127 1031 per
1152 991 1261 1024 florem
1288 1003 1496 1033 purpureum⁷

922 1066 988 1098 4b.
1020 1068 1083 1099 Per
1117 1068 1177 1099 hoc
1209 1078 1284 1109 ergo
1310 1071 1399 1110 sequi
1425 1070 1529 1102 Deum

1065 1125 1121 1146 nos
1148 1122 1275 1155 oportet
1298 1119 1438 1151 trivium.

922 1192 939 1221 5
957 1189 987 1222 b.
1020 1190 1227 1224 Confessores
1254 1193 1353 1225 faciat

1061 1239 1143 1279 iugis
1169 1240 1375 1283 abstinentia,

922 1315 942 1345 6
959 1313 988 1347 b.
1020 1318 1085 1346 Aut
1111 1315 1218 1355 lapsos
1243 1318 1417 1358 aliquando

1065 1362 1156 1394 firma
1182 1365 1387 1398 continentia.

924 1437 987 1469 7b.
1021 1439 1065 1471 Ut
1099 1438 1211 1470 borum
1246 1450 1342 1480 prece
1368 1444 1526 1482 possimus

1065 1488 1189 1526 assequi
1217 1489 1379 1524 caelestia.

288 1553 369 1578 Miss.
392 1553 421 1580 S.
442 1554 563 1581 Martini
584 1555 706 1582 Maioris
728 1557 901 1586 Monasterii
922 1560 990 1594 imp.
1013 1561 1180 1589 Turonibus
1207 1562 1287 1591 1508.

658 1696 698 1726 12.
740 1697 782 1727 De
803 1671 910 1730 s'ancto
930 1700 1069 1731 Achatio.

237 1781 296 1812 la.
330 1781 490 1822 Martyres
515 1784 643 1815 stabant

376 1829 408 1860 in
435 1839 533 1870 agone

329 1876 392 1916 Spe
418 1879 574 1910 mercedis
600 1885 631 1912 et
657 1889 802 1924 coronae,

378 1925 468 1956 Virili
494 1927 637 1965 audacia,

237 2002 298 2032 2a.
331 2001 501 2033 Procerum
528 2003 615 2035 milia
641 2005 722 2036 dena

330 2047 445 2088 Spreta
459 2051 595 2090 gaudent
612 2053 721 2084 mortis
731 2062 833 2092 poena

377 2097 413 2127 In
438 2097 499 2128 Dei
525 2099 648 2138 militia,

232 2173 251 2204 3
267 2181 297 2206 a.
328 2173 484 2205 Universa
510 2183 585 2216 ergo
611 2176 683 2208 viva

329 2221 415 2253 Voce
441 2223 578 2254 clamant
604 2225 756 2265 rediviva,

373 2269 573 2308 Depromunt
598 2272 746 2305 mirantia

228 2346 251 2376 -4
267 2354 294 2376 a.
327 2345 578 2390 EuphratenseS,
606 2349 800 2391 Cadmeum,

327 2393 448 2425 Errore
473 2396 584 2435 gentili
609 2397 720 2436 plenos

376 2441 524 2475 colentes
551 2443 726 2483 daemonia,

922 1790 937 1821 1
955 1789 985 1823 b.
1018 1791 1086 1822 Nec
1110 1793 1317 1827 mutabantur

1061 1848 1119 1870 nec
1146 1840 1305 1883 fugerunt,

1013 1887 1128 1919 Mundi
1155 1897 1268 1923 cuncta
1294 1894 1497 1931 proiecerunt

1061 1936 1286 1971 Blandimenta
1311 1943 1432 1981 spuria.

919 2011 938 2042 2
954 2010 983 2044 b.
1018 2011 1123 2044 Vanos
1150 2015 1312 2055 deponunt
1340 2027 1466 2052 errores

1011 2060 1063 2091 Ad
1091 2062 1176 2094 vitae
1202 2071 1368 2098 currentes
1395 2066 1482 2100 fores

1058 2108 1159 2141 Felici
1184 2112 1354 2147 industria.

914 2183 933 2215 3
950 2183 980 2216 b.
1012 2184 1167 2219 Proceres
1193 2189 1225 2220 hi
1252 2194 1316 2222 tam
1342 2195 1523 2236 praeclari,

1007 2233 1116 2265 Iubari
1143 2245 1237 2275 pares
1264 2240 1362 2272 solari

1055 2281 1150 2314 Fidei
1175 2289 1365 2321 constantia.

916 2355 938 2386 4
954 2354 985 2388 b.
1016 2356 1168 2391 Valenter
1193 2363 1322 2401 quidem
1349 2366 1510 2407 vicerunt,

1013 2403 1262 2446 Triumphantes
1288 2414 1481 2448 exstiterunt

1058 2452 1119 2485 Dei
1141 2457 1258 2496 passim
1282 2461 1397 2499 gratia.

1639 2616 1655 2711 *aku-
1652 2587 1655 2590 .
