1655 2713
733 157 996 193 —188—

649 281 716 311 207.
759 280 800 311 De
823 281 932 311 sancto
953 279 1081 310 Lazaro.

227 372 286 403 la.
322 371 474 403 Laetetur
499 370 632 401 ecclesia
916 369 978 403 1b.
1011 369 1161 401 Exsultet
1186 369 1355 405 Bethania,

372 418 523 450 Caelestis
550 417 652 455 beata,
1059 417 1180 449 Domus
1207 418 1364 450 honorata

320 466 455 497 Matrem
483 465 591 496 laudet
618 465 682 497 filia
1010 465 1060 497 Ex
1086 465 1206 498 Christi
1232 466 1426 505 praesentia,

368 512 540 545 Celebrans
566 517 676 552 optata
1055 513 1110 545 Pie
1137 513 1265 545 visitata

414 560 526 592 Lazari
553 560 729 595 sollemnia.
1105 561 1247 595 Caritate
1274 562 1371 594 socia.

221 657 282 688 2a.
316 659 415 695 Quam
443 655 519 687 felix
547 657 720 688 concordia
913 657 976 690 2b.
1007 657 1132 689 Mariae
1157 656 1325 698 flagrantia

367 704 491 736 Fratris
519 708 549 735 et
577 713 730 745 sororum,
1055 705 1144 738 Odor
1169 710 1411 747 unguentorum,

315 751 379 784 Ubi
407 751 614 783 contubernia
1008 753 1158 785 Marthae
1185 753 1351 794 diligentia

366 799 458 831 Facit
485 808 540 830 rex
569 799 728 831 caelorum
1057 802 1160 841 Sapor
1186 806 1234 833 est
1261 801 1403 834 ciborum

410 847 452 878 Et
479 851 658 878 sanctorum
685 847 788 879 milia!
1105 849 1199 882 Circa
1224 850 1413 884 ministeria.

222 944 282 975 3a.
313 943 453 981 Quarum
479 943 619 975 amicitia
912 945 975 978 3b.
1006 946 1111 977 Vitam
1139 950 1211 986 post
1236 946 1385 978 mortalia

365 990 451 1021 Deus
478 991 675 1029 lacrimatur,
1054 993 1149 1025 Plebs
1176 998 1290 1026 cuncta
1316 995 1462 1036 miratur,

318 1037 366 1068 De
392 1038 502 1068 mortis
530 1039 657 1070 miseria
1005 1042 1056 1072 Ad
1083 1046 1171 1072 tanta
1199 1042 1347 1082 prodigia

364 1085 479 1116 Frater
504 1087 676 1118 suscitatur
1055 1089 1153 1121 Fides
1178 1090 1386 1129 praedicatur

411 1133 549 1164 Caelesti
577 1135 736 1175 potentia;
1101 1137 1142 1168 Et
1170 1138 1230 1168 Dei
1255 1138 1424 1178 magnalia.

218 1228 281 1257 4a.
315 1226 524 1258 Celebrantur
549 1228 676 1267 gaudia,
907 1230 969 1263 4b.
1001 1231 1122 1263 Sedens
1147 1233 1189 1264 ad
1213 1234 1357 1265 convivia

362 1273 503 1305 Lazarus
530 1275 666 1316 videtur,
1049 1279 1189 1311 Lazarus
1216 1279 1344 1321 fatetur,

314 1320 397 1352 Dum
424 1331 508 1353 mors
534 1323 565 1354 iu
593 1323 726 1355 victoria
1000 1327 1090 1366 Quod
1118 1327 1178 1359 Dei
1204 1329 1373 1360 clementia

364 1369 480 1400 Vivens
505 1370 694 1402 absorbetur
1048 1375 1187 1406 Mortuis
1213 1377 1359 1408 medetur

406 1416 449 1448 Et
474 1418 584 1449 mortis
610 1419 765 1458 angustia.
1095 1422 1247 1455 Reddens
1261 1425 1345 1456 vitae
1356 1426 1509 1464 praemia.

215 1513 275 1542 5a.
312 1510 395 1542 Fusa
423 1512 509 1543 caelo
534 1513 635 1552 gratia
905 1516 967 1550 5b.
998 1517 1129 1548 Praesul
1156 1519 1189 1549 in
1215 1519 1359 1551 Massilia

358 1558 473 1590 Frater
499 1564 529 1590 et
557 1570 681 1592 sorores
1045 1565 1161 1597 Frater
1187 1567 1279 1598 docet
1307 1577 1422 1607 mores,

306 1605 403 1638 Fiunt
430 1607 461 1638 in
491 1607 657 1640 Provincia
996 1613 1032 1644 In
1060 1614 1279 1646 misericordia

354 1654 448 1686 Fidei
475 1655 620 1687 doctores
1043 1661 1143 1693 Solvit
1171 1668 1367 1702 peccatoresi

401 1703 437 1733 In
475 1712 588 1743 magna
619 1705 814 1744 constantia3
1089 1709 1180 1741 Facit
1208 1711 1378 1744 mirabilia.

205 1797 266 1830 Ga.
298 1797 349 1828 Ad
377 1798 457 1829 caeli
482 1799 601 1838 palatia
894 1803 956 1836 6b.
987 1804 1074 1836 Haec
1101 1809 1156 1837 tua
1182 1805 1303 1840 familia

348 1844 451 1885 Digne
477 1847 636 1878 exaltatur
1033 1853 1090 1891 Te,
1113 1858 1232 1895 sancte,
1263 1862 1424 1900 precatur,

300 1891 342 1923 Et
369 1893 477 1924 vivens
503 1894 535 1925 in
561 1895 662 1935 gloria
984 1900 1027 1933 Ut
1055 1901 1155 1933 virtus
1181 1905 1322 1943 propitia

346 1940 424 1972 Cum
451 1942 576 1974 Christo
602 1943 749 1985 laetatur,
1034 1948 1101 1980 Tua
1128 1959 1184 1981 nos
1211 1957 1362 1991 sequatur

393 1988 515 2020 Frueris
541 1989 616 2021 boni
642 1992 744 2031 copia.
1081 1997 1191 2038 Sitque
1209 2008 1335 2040 semper
1353 2004 1497 2042 praevia.

256 2082 338 2109 Miss.
367 2083 552 2111 Massiliense
580 2086 647 2120 imp.
678 2086 815 2121 Lugduni
844 2086 924 2116 1530.
955 2104 990 2108 —
1012 2089 1070 2123 2b,
1099 2091 1111 2118 1
1140 2093 1243 2120 Maria.
1266 2109 1303 2114 ——
1324 2094 1382 2128 3³,
1411 2097 1428 2125 2
1455 2099 1498 2127 la-

175 2121 345 2147 crimantur.

579 2216 648 2247 208.
689 2215 731 2248 De
753 2220 861 2250 sancto
882 2219 1084 2261 Leodegario.

198 2305 256 2338 la.
288 2303 442 2343 Martyris
469 2306 641 2345 praeconio
889 2310 950 2345 lb.
982 2312 1045 2344 Pro
1073 2313 1281 2356 Leodegarlo⁷

292 2351 441 2384 Serviens
467 2363 536 2385 cum
562 2355 677 2395 gaudio
980 2361 1126 2404 Martyre
1153 2366 1305 2407 propitio,

291 2399 452 2432 Fidelium
479 2403 585 2434 contio
978 2408 1100 2442 Laudis
1127 2413 1296 2446 exsultatio

337 2449 542 2482 Iucundetur.
1024 2459 1271 2500 Frequentetur.
