1655 2713
697 151 958 187 —229—

191 243 260 279 ea.
285 243 387 278 Beata
885 249 952 284 6b.
981 250 1123 284 Probata

286 292 366 325 haec
392 302 521 337 sponsa,
549 305 641 337 quae,
669 305 739 329 cum
983 303 1018 331 ut
1043 309 1155 332 aurum
1181 299 1254 340 igne

287 342 412 373 venerit
437 352 584 385 sponsus,
610 345 657 376 sic
979 352 1163 387 crematum,
1191 347 1264 380 odio

285 389 314 420 ei
339 392 529 425 occurrerit.
979 405 1135 428 novercae
1163 394 1344 430 conflatum.

192 465 254 498 7a.
286 465 483 499 Dilanianda
887 469 948 504 7b.
983 471 1047 504 Sed
1073 482 1211 504 summus
1237 476 1341 515 pater,

287 523 306 546 a
331 519 426 554 patre
452 516 595 557 relegata
980 520 1124 552 nesciens
1156 521 1240 553 mala
1266 521 1343 554 data

288 563 447 603 malignae
474 573 609 604 nequam
635 564 769 596 consilia
981 568 1059 600 dare
1085 569 1218 608 petenti,
1245 579 1318 602 mox
1345 570 1451 602 oranti

287 611 378 651 signo
404 612 509 644 crucis
536 617 610 644 sunt
633 612 722 652 elisa,
980 614 1077 647 fontis
1104 626 1201 648 venas
1229 618 1268 650 de
1292 627 1390 651 arena

286 657 375 691 ferae
401 664 553 692 mutatae.
979 664 1069 695 dedit
1096 665 1209 698 sterili.

189 735 253 770 fia.
283 735 452 768 Transitus
478 737 527 768 sui
552 737 699 776 praescia
883 739 947 774 8b.
979 740 1135 772 Revelata
1162 740 1244 773 facie
1271 751 1319 774 re-

285 784 326 816 de
351 788 454 816 morte
479 785 521 816 ad
548 785 646 816 vitam
977 797 1046 827 gem
1075 789 1161 820 videt
1188 789 1309 829 gloriae

283 832 446 865 exhalavit
971 836 1063 875 apud
1086 839 1206 876 sontem

282 896 455 905 mmmm
977 884 1061 916 vitae
1086 885 1230 917 residens

281 932 495 968 praesentem.
973 936 1134 966 aeternae.

183 1007 246 1039 9a.
278 1005 430 1037 Mirando
456 1010 562 1038 tractu
587 1007 680 1038 Alem
880 1007 941 1042 9b.
975 1009 1053 1041 Cum
1083 1010 1215 1049 quisque
1247 1010 1335 1042 iuxta
1362 1020 1490 1042 cursum

282 1054 403 1094 recepit
432 1054 613 1093 depositum
975 1057 1113 1096 accipiet
1141 1057 1297 1091 bravium,

280 1101 367 1133 clara
394 1102 468 1134 dote
975 1105 1027 1144 da,
1056 1105 1192 1147 Christe,
1220 1110 1252 1137 te

279 1150 521 1190 resurgendum.
974 1153 1170 1193 stipendium

636 1229 691 1260 10.
719 1228 874 1261 Precibus

714 1277 827 1309 beatae
853 1277 1015 1312 Odradae.

232 1341 356 1369 Psalter.
386 1351 438 1368 ms.
466 1342 642 1370 Alemnense
669 1351 745 1371 saec.
778 1342 821 1370 15.
849 1343 921 1371 eod.
950 1344 979 1371 S.
1009 1345 1087 1371 Petri
1119 1345 1317 1373 Buscoducen.
1346 1356 1366 1373 s.
1398 1356 1423 1373 n.
1454 1362 1492 1366 -

154 1378 208 1414 Za,
230 1378 248 1407 2
269 1389 312 1416 sq.
334 1381 500 1416 puerilibus
522 1382 619 1408 annis.
640 1396 677 1400 —
699 1380 750 1415 7a,
772 1382 790 1409 5
812 1382 871 1409 fere
893 1383 1008 1410 mitata.
1030 1397 1066 1401 -
1081 1384 1226 1411 Melodie:
1251 1384 1420 1418 „Mate1·‘·‚
1445 1395 1490 1411 so-

154 1420 210 1446 init
237 1419 367 1455 gleiches
396 1419 521 1447 Schema
548 1421 603 1447 wie
631 1420 679 1447 die
709 1420 892 1448 Notkersche
921 1421 1054 1457 Sequenz
1086 1423 1343 1458 „Congaudeut
1371 1432 1485 1460 angv-

154 1458 276 1485 lorum
298 1457 440 1491 chori“‚
463 1458 578 1485 freilich
598 1460 651 1485 mit
670 1458 727 1486 den
748 1459 1004 1495 Abweichungen,
1032 1462 1086 1488 wie
1108 1462 1150 1488 ¹<ie
1171 1462 1355 1497 gew‹''›hnlicli
1379 1464 1408 1489 in
1430 1463 1487 1489 den

154 1495 416 1532 Schlussstrophen
441 1496 494 1524 der
515 1497 689 1533 Sequenzen
717 1498 770 1525 mit
799 1498 895 1525 dieser
915 1499 1044 1526 Melodie
1072 1499 1134 1526 sich
1164 1502 1281 1535 zeigem
1304 1510 1371 1528 man
1392 1502 1481 1536 vei-gl.

151 1538 238 1563 unter
259 1535 396 1562 auderem
417 1535 520 1563 hierzu
540 1536 630 1563 Anal.
652 1537 759 1571 Hymn.
781 1537 863 1569 VIII,
892 1537 942 1564 Nr.
970 1536 1003 1571 6;
1024 1538 1082 1570 IX,
1112 1538 1161 1565 Nr.
1185 1538 1215 1567 ti:
1246 1537 1312 1571 1802
1343 1537 1411 1568 186:
1434 1540 1484 1567 da-

150 1574 246 1602 neben
269 1574 331 1606 Vll,
356 1573 405 1607 143
427 1575 480 1607 IX,
502 1573 571 1608 3713
595 1576 631 1607 X,
656 1573 724 1609 169;
746 1575 809 1607 XL,
831 1574 859 1602 4.

565 1659 631 1690 257.
675 1660 716 1690 De
738 1661 850 1691 sancta
872 1659 1065 1700 Opportuna.

183 1730 242 1762 la.
272 1731 355 1762 Arte
381 1730 485 1772 metri,
513 1731 629 1770 prosis,
654 1731 748 1773 tonis,
876 1733 892 1766 1
908 1732 938 1766 b.
971 1732 1207 1773 Godograudus
1235 1734 1395 1766 exaltetur

273 1779 405 1812 Cunctis
420 1783 539 1819 pangat
556 1780 678 1819 psaltes
693 1780 789 1820 sonis,
969 1782 1113 1818 Praesul,
1140 1782 1347 1823 Opportunae
1369 1783 1481 1821 frater,

321 1827 434 1860 Clerus
460 1832 545 1859 totus
573 1828 771 1860 pietavensis
1017 1830 1059 1862 Et
1086 1840 1104 1861 a
1131 1831 1253 1862 cunctis
1282 1831 1457 1871 rogitetur:

318 1875 528 1916 Opportunae
555 1876 718 1917 Sagiensis
1018 1878 1117 1910 Nobis
1144 1879 1196 1918 pie
1223 1879 1313 1917 assis,
1342 1886 1445 1920 pater,

368 1924 497 1957 Laudes
524 1929 554 1956 et
581 1925 763 1965 praeconia.
1064 1927 1152 1959 Mala
1179 1933 1251 1960 sunt
1279 1928 1440 1961 immania.

175 2002 237 2034 2a.
269 2000 372 2034 Stella
397 2001 478 2033 sicut
506 2001 655 2034 claritate
869 2004 931 2037 2b.
964 2004 989 2037 O
1024 2014 1117 2045 quam
1150 2004 1265 2044 probat
1293 2010 1324 2037 et
1351 2005 1484 2039 decorat

320 2049 435 2082 Multis
458 2049 583 2090 fulgida
608 2051 783 2091 praelucet,
1014 2053 1164 2085 Sororem
1192 2053 1404 2093 Basilicanus‚

270 2097 324 2130 Sic
352 2102 477 2131 ceteras
504 2099 640 2131 caritate
964 2102 1063 2142 Quem
1080 2100 1267 2133 defunctum
1285 2101 1398 2134 videns
1411 2103 1480 2144 plo·

317 2147 366 2178 Tu
380 2147 482 2179 vincis
497 2147 618 2181 Christi
632 2148 784 2189 virgines,
1251 2155 1311 2189 rat,

1014 2198 1094 2230 Suas
1119 2203 1260 2230 erectum
1279 2208 1337 2238 per
1356 2209 1479 2232 manus.

175 2274 236 2307 3a.
265 2273 372 2306 Ambo
398 2273 485 2314 iusti,
515 2273 610 2306 ambo
635 2274 726 2314 recti,
872 2275 934 2310 3b.
967 2276 1158 2317 Opportuna
1182 2275 1354 2315 purissimo

318 2321 381 2354 Hic
403 2322 545 2363 praesul,
570 2322 651 2354 haec
668 2331 787 2363 sponsa
1015 2323 1114 2355 Flore
1139 2322 1256 2355 florens
1283 2324 1454 2365 virginum,

554 2371 652 2412 regis,
967 2371 1136 2405 Coelibatu
1162 2368 1298 2416 [iuncta]
1327 2372 1458 2406 Christo

271 2419 302 2452 A
327 2429 390 2460 quo
416 2423 491 2452 sunt
517 2420 581 2452 duo
606 2419 702 2452 electi
1017 2419 1139 2452 Durum
1165 2420 1264 2460 gessit
1290 2421 1461 2461 proelium.

320 2467 499 2510 Sequentes
507 2472 682 2510 praecepta
693 2467 785 2509 legis,
