1655 2713
705 157 969 193 —301—

169 245 214 278 20
225 254 255 279 a.
286 245 312 279 Ο
339 249 373 278 tu
399 252 504 280 mater
530 252 695 291 creatoris,
867 258 911 290 20
923 257 953 292 b.
986 259 1062 291 Post
1089 269 1215 292 cursum
1243 262 1335 294 huius
1362 264 1480 296 laboris

289 293 404 327 Funde
431 305 545 336 preces
563 300 686 332 cunctis
705 302 804 343 horis,
987 307 1094 340 Beatis
1121 309 1290 350 iungamur
1311 312 1416 343 choris

337 342 382 376 Ut
414 349 487 384 post
517 346 604 379 istud
630 350 803 394 saeculum,
1035 355 1250 397 Supernorum
1279 360 1404 393 civium.

241 426 403 456 Collectau.
432 439 484 457 nis.
512 432 698 462 Victorinum
726 445 801 464 saec.
830 435 889 473 [13.
922 438 979 476 15.]
1010 440 1051 469 16.
1081 443 1152 470 Cod.
1175 445 1302 472 Parisin.
1332 445 1438 474 14832.
1460 463 1497 468 —

162 465 219 492 Mit
251 465 303 494 der
335 468 476 503 Angabe:
514 471 642 505 „Auctor
672 474 706 501 N.
740 476 896 504 Hamelius
928 479 1116 508 Victorinus‘*
1149 483 1207 509 und
1239 484 1291 511 der
1321 485 1496 513 Jahreszahl

164 502 246 532 1574.
267 519 306 524 —
327 503 376 539 9³,
403 504 421 533 2
441 508 533 535 Intra.
564 524 597 528 —
622 512 682 538 Der
702 514 788 540 Reim
809 515 988 545 beschrfinkt
1009 519 1071 546 sich
1096 522 1124 547 in
1146 521 1242 549 dieser
1263 524 1317 550 wie
1339 524 1497 561 durchweg

161 543 191 569 in
213 543 292 571 allen
306 544 479 580 Sequenzen
503 547 554 574 des
586 552 779 579 wortreiehen
802 554 860 580 und
882 556 963 582 einer
985 558 1026 583 oft
1049 558 1130 585 mehr
1151 560 1194 586 als
1216 561 1347 589 ‹lunklen
1364 564 1494 598 &praebe

159 581 223 608 sich
244 582 447 610 bedienenden
463 586 571 612 Autors
600 589 653 614 auf
669 589 717 616 die
733 590 939 620 Schlusssilbe.
956 610 992 613 q
1014 597 1136 624 ssetreffs
1154 599 1360 636 Begriinduug.
1383 611 1494 630 warum

161 629 193 647 so
215 621 368 648 namenlos
397 622 546 651 schlechte
569 626 752 655 Reiniereien
774 629 871 658 dieses
894 632 1076 661 Victoriners
1104 636 1167 663 hier
1193 639 1357 667 Aufnahme
1378 641 1493 675 fauden,

157 659 215 694 vgl.
239 659 383 692 Vorwort,
405 661 434 688 S.
456 660 474 688 8
499 661 528 689 ff.

576 767 642 799 337.
685 769 725 800 De
748 769 941 804 Visitatione
964 775 1071 806 mlv.

183 849 242 882 la.
273 850 354 888 Ave,
381 860 500 890 sponsa
527 853 668 893 deitatis,
880 859 941 893 1b.
972 862 1052 899 Ave,
1082 861 1158 894 felix
1187 870 1215 895 et
1245 866 1348 906 beata,

276 897 393 938 Maria,
421 898 493 932 fons
519 901 660 942 pietatis,
974 910 1158 941 Sacerdotis
1186 922 1303 951 sponsa
1330 922 1431 954 grata,

325 948 519 988 Angelorum
547 950 667 990 gloria3
1020 962 1158 996 Quorum
1188 961 1261 1001 iuga
1288 965 1419 996 sterilia.

181 1027 242 1059 2a.
273 1027 370 1068 Fugit
393 1033 481 1062 aetas
507 1031 693 1071 iuventutis,
875 1038 893 1068 2
908 1037 937 1070 b.
971 1040 1087 1071 Clausa
1111 1042 1215 1080 vulva,
1244 1053 1282 1074 ne
1302 1046 1343 1075 sit
1362 1054 1484 1089 partus,

274 1076 370 1108 Venit
396 1081 521 1118 tempus
546 1082 741 1124 senectutis3
970 1089 1029 1125 Qui
1049 1098 1105 1128 spe
1121 1091 1281 1129 quondam
1298 1093 1484 1137 destitutus,

252 1123 368 1168 ‘Redit
395 1130 484 1158 aetas
513 1128 672 1167 iuvenilis,
970 1137 1136 1175 Aperitur,
1163 1143 1194 1169 et
1221 1139 1255 1170 tit
1282 1146 1412 1180 partus;

271 1172 307 1203 In
334 1174 478 1214 utrisque
505 1175 539 1206 fit
566 1177 681 1214 virilis,
968 1184 1004 1215 In
1032 1185 1175 1225 utrisque
1201 1192 1247 1218 est
1276 1189 1434 1229 iuventus,

317 1220 489 1254 Tolluntur
515 1225 707 1267 opprobria3
1016 1232 1219 1266 Auferuntur
1246 1237 1397 1272 ludibria.

171 1301 230 1334 3a.
262 1301 377 1334 Fidem
404 1304 538 1343 praebet
565 1308 695 1338 oraculo
871 1312 932 1345 3b.
966 1313 1027 1346 Ubi
1080 1317 1194 1347 mansit
1251 1319 1353 1350 tribus
1406 1326 1481 1353 tunc

267 1350 480 1384 Laetabunda
509 1360 539 1384 et
569 1356 689 1396 nuntio,
1193 1367 1364 1405 mensibus,

266 1398 399 1431 Festina
426 1410 505 1440 prae
531 1403 649 1442 gaudio
965 1409 1154 1443 Delectatur
1166 1415 1477 1455 suisconspectibus

313 1447 460 1480 Perrexit
486 1450 517 1480 in
545 1451 716 1485 montibus.
1009 1460 1125 1491 Statim
1153 1463 1249 1494 rediit
1276 1465 1308 1494 in
1335 1467 1478 1505 propriis

1188 1512 1326 1545 sedibus.

163 1563 225 1594 4³.
260 1562 298 1594 Jn
324 1563 455 1602 publico
481 1563 657 1598 festinabat
862 1572 926 1607 4b.
960 1574 1123 1607 Maturate
1151 1579 1357 1618 properabat,

261 1611 303 1642 Et
330 1612 485 1644 tumultus
513 1613 708 1648 abhorrebat
958 1622 1061 1655 Extra
1096 1626 1210 1665 pedem
1245 1628 1296 1660 vix
1324 1630 1474 1662 trahebat

308 1661 417 1700 Atque
444 1661 555 1694 turbas
584 1662 736 1704 fugiebat.
1006 1671 1074 1703 Nec
1098 1684 1115 1704 a
1144 1675 1237 1707 domo
1264 1678 1446 1710 recedebat.

160 1751 220 1782 5a.
256 1750 351 1782 Venit
377 1752 479 1784 maior
505 1754 546 1785 ad
574 1755 740 1796 minorem,
859 1760 921 1794 5b.
949 1763 978 1794 A
1006 1764 1127 1796 maiore
1155 1767 1313 1806 visitatur.

256 1799 353 1831 Venit
379 1800 457 1833 hera
483 1803 524 1833 acl
553 1804 715 1846 ancillam,
954 1811 998 1843 Et
1025 1814 1138 1845 minori
1166 1815 1363 1859 obsequitur,

303 1848 768 1895 MaterDeiadrnatrempro-
1002 1860 1108 1893 Servit
1136 1864 1197 1895 ista
1224 1870 1299 1897 tunc
1319 1867 1467 1902 ancillae.

481 1900 618 1940 phetae3

156 1964 216 1998 62.
247 1963 426 1998 Benedicta
452 1967 538 2000 inter
563 1969 723 2013 mulieres,
857 1974 919 2007 6b.
953 1976 1147 2011 Benedictus
1189 1983 1308 2014 ventris
1337 1983 1471 2024 fructus,

251 2013 430 2047 Benedicta
454 2025 551 2056 super
576 2027 697 2061 omnes,
952 2025 1147 2060 Benedictus
1175 2031 1242 2062 eius
1269 2038 1394 2072 partus,

298 2062 477 2096 Benedicta
488 2065 601 2098 divina
610 2067 747 2109 pignora
761 2081 769 2111 ;
1001 2075 1179 2110 Benedicta
1202 2080 1281 2112 talia
1309 2082 1441 2115 viscera.

153 2149 212 2181 7a.
244 2149 355 2182 Mater
380 2160 490 2184 vocem
517 2153 608 2192 prior
633 2156 734 2196 audit,
855 2159 917 2193 7b.
949 2160 1141 2196 Gratulatur
1163 2167 1303 2198 nondum
1322 2168 1468 2209 loquens,

247 2198 291 2230 Et
318 2199 470 2231 virtutem
496 2210 578 2241 puer
603 2204 710 2242 sentit,
950 2210 1016 2242 Iam
1038 2213 1210 2252 adplaudit
1224 2216 1330 2247 adhuc
1346 2217 1467 2258 infans,

296 2247 625 2282 DumMessiamtunc
635 2254 827 2292 praesensit.
1002 2259 1066 2292 Ubi
1093 2265 1182 2293 aetas
1210 2263 1329 2300 deficit,

149 2334 211 2368 Sa.
244 2333 289 2367 Ut
314 2338 449 2367 venator
469 2336 569 2368 sentit
595 2335 698 2370 feram
850 2343 912 2378 8b.
947 2346 1065 2378 Adhuc
1091 2348 1198 2381 iacens
1225 2350 1271 2382 sic
1297 2351 1438 2386 inclusus

245 2381 358 2424 Longe
384 2382 453 2415 fere
479 2385 672 2427 venientem,
946 2394 1007 2426 Est.
1033 2395 1151 2428 virtute
1177 2398 1342 2441 odoratus,

293 2430 347 2464 Sic
355 2433 487 2473 agnovit
496 2433 580 2466 hunc
586 2439 790 2475 praesentem
798 2449 807 2481 ς
999 2443 1048 2475 Ibi
1075 2445 1176 2477 sensit
1202 2450 1428 2487 praesentiam.
