1655 2713
698 157 933 192 -94-

183 258 242 290 3a.
278 257 486 288 Promittente
519 265 594 288 voce
621 255 699 287 caeli

326 304 533 344 Baptismatis
560 304 703 335 bravium

182 403 240 433 4a.
275 401 403 441 Martyr
431 400 571 431 nascitur

325 449 434 480 Novae
460 448 549 487 legis,

324 496 405 527 Novi
432 496 514 535 regis

372 544 576 583 Opportunus
602 541 744 582 signifer.

183 642 242 671 521.
278 640 426 670 Sanctum
453 639 527 669 vide
553 639 669 670 victum
697 637 762 669 fide

325 686 458 726 Triplici
485 685 626 717 funiculo

275 735 472 766 Edocentem
499 743 560 765 non
588 734 738 765 latentem

322 782 473 813 Ferarum
502 781 644 813 latibulo.

182 880 242 910 62.
277 878 376 908 Audit
403 877 534 916 Dagnus
559 887 615 908 sua
642 877 711 908 iura

278 926 354 957 Poni
382 925 513 955 multum
541 926 570 955 in
599 933 764 965 pressura3

323 973 430 1004 Mente
461 972 619 1012 profunda

323 1020 578 1059 Quadringentos
603 1019 765 1052 sitibunda

188 1172 238 1194 ca.
275 1162 363 1193 Dixit
391 1163 418 1192 ei
446 1162 710 1201 Christopliorus:

277 1209 456 1248 Reprobum
486 1219 533 1239 me
559 1210 640 1241 alter
667 1211 779 1241 chorus

324 1258 421 1287 Vocat
448 1256 488 1289 ab
515 1256 664 1295 infantia;

178 1354 240 1385 Sa.
277 1352 522 1391 Christophorus
549 1352 707 1383 Christum
736 1352 781 1383 fe-

551 1409 634 1435 rens,

271 1447 395 1486 Typum
415 1447 533 1478 Christi
560 1451 646 1478 recte
668 1456 781 1487 gerens

319 1496 445 1525 Summa
474 1495 684 1535 providentia.

178 1591 236 1622 93.
273 1590 379 1620 Fluxit
407 1590 490 1629 ignis
517 1590 601 1621 velut
629 1599 701 1621 cera

319 1638 387 1668 Non
410 1637 566 1677 praebens
584 1638 775 1670 incendium.

154 1733 194 1764 10
207 1741 235 1764 a.
274 1733 378 1772 Virgis
405 1733 549 1764 caeditur
579 1732 702 1772 ferreis,

272 1780 459 1811 Tortoribus
486 1782 655 1820 marty-reis

317 1828 413 1859 Sacro
438 1837 553 1860 vacans
579 1838 686 1868 opere.

153 1970 191 2002 11
207 1979 233 2001 a.
269 1970 405 2009 Capitali
433 1976 554 2011 martyr
580 1981 681 2011 poena

316 2019 446 2050 lubetur

361 2076 379 2097 a
400 2072 536 2106 tyranno
554 2067 774 2100 consummari.

151 2162 231 2193 122.
269 2161 395 2202 Martyr
420 2163 491 2203 Dei,

265 2210 355 2241 Licet
381 2211 427 2242 rei

314 2259 417 2291 Simus
444 2268 501 2291 nec
527 2260 634 2291 idonei

359 2307 446 2338 Tuae
472 2307 571 2347 laudi,

147 2401 188 2432 13
199 2410 228 2432 a.
263 2402 468 2441 Epilentiam‚
496 2403 633 2434 maniam

312 2450 411 2482 Curas
438 2447 527 2494 [per]
553 2451 757 2492 martyrium3

868 254 932 288 312.
967 254 1080 286 Statim
1106 254 1230 294 sprevit
1255 263 1315 294 pro
1341 252 1429 286 fideli

1014 301 1121 344 Stygis
1146 301 1360 335 internicium.

868 398 928 432 4b.
965 398 1088 430 Lumen
1113 398 1226 441 oritur,

1010 446 1102 478 Nova
1129 445 1241 486 forma,

1012 495 1105 526 Nova
1130 504 1251 534 norma,

1057 543 1286 583 Triumphator
1311 541 1451 576 bellifer.

871 637 932 671 5b.
966 637 1066 669 Fama
1092 637 1207 669 Samon
1234 637 1418 677 publicatur

1015 685 1175 717 Viridenti
1201 685 1325 723 baculo,

962 734 1123 773 Appellea
1148 733 1332 773 baptizatur

1011 781 1096 813 Gens
1123 781 1236 821 grandi
1263 782 1427 813 miraculo.

866 877 928 910 6b.
966 877 1123 916 indagare
1149 877 1234 908 misit
1262 885 1338 908 cura

962 925 1083 956 Milites
1109 929 1252 956 sanctum
1279 930 1423 964 niatura3

1011 972 1123 1012 Stupet
1150 977 1274 1004 statura

1008 1021 1076 1051 Rex
1105 1020 1228 1052 dicens:
1255 1021 1331 1058 Quis
1357 1029 1401 1061 es,
1427 1021 1472 1053 ia-

1243 1068 1357 1099 ctura‘?

869 1162 927 1195 7b.
966 1162 1028 1194 Sed
1056 1167 1125 1201 post
1154 1163 1304 1202 baptismi
1332 1164 1468 1202 gratiam

960 1210 1208 1250 christophorus
1235 1212 1275 1242 ad
1303 1212 1437 1251 gloriam

1006 1259 1142 1289 Vocatus
1169 1268 1245 1289 voce
1272 1260 1334 1300 dia,

868 1353 927 1385 8b.
963 1353 1063 1384 Nicea
1088 1358 1119 1384 et
1145 1355 1297 1393 Aquilina

961 1401 1195 1434 Recumbentes
1221 1402 1253 1432 in
1280 1403 1406 1434 sentina

1007 1449 1201 1489 Relinquunt
1227 1450 1401 1489 sculptilia.

862 1591 924 1624 9b.
960 1591 1056 1623 Dolet
1081 1592 1212 1632 Dagnus
1244 1593 1353 1624 dicens
1381 1593 1466 1626 fera:

1005 1640 1075 1671 Non
1101 1641 1194 1672 times
1219 1642 1438 1681 supplicium?

842 1735 882 1766 10
894 1734 923 1766 b.
960 1734 1102 1775 Sagittae
1127 1745 1205 1767 nece
1232 1735 1402 1775 ferventes,

957 1783 1221 1823 Christophorum
1249 1794 1311 1816 non
1337 1785 1466 1817 laeden-

1238 1836 1296 1871 tes,

980 1878 1138 1918 Figuntur
1163 1880 1194 1910 in
1221 1889 1304 1912 aere.

841 1973 879 2005 11
896 1972 926 2006 b.
962 1973 1058 2005 Cuius
1085 1974 1210 2006 Sichem
1236 1976 1267 2007 in
1294 1986 1427 2009 amoena

1004 2022 1172 2054 Credimus

1048 2070 1176 2109 regione
1203 2071 1364 2105 collocari.

835 2165 877 2197 12
889 2165 919 2197 b.
955 2166 1001 2197 Te
1026 2166 1196 2199 laudantes

954 2214 995 2245 Et
1021 2220 1188 2254 sperantes

1000 2262 1049 2293 De
1074 2267 1129 2294 tua
1155 2264 1323 2297 clementia

1050 2310 1117 2342 Nos
1143 2313 1270 2346 exaudi.

835 2404 877 2437 13
889 2403 917 2436 b.
954 2406 1137 2438 Aemularis
1163 2409 1318 2441 insaniam

1001 2455 1109 2486 sedem
1135 2456 1282 2497 linquens
1309 2459 1431 2494 vitium.
