1655 2713
718 170 763 174 —
813 149 882 184 230
933 170 975 174 —

214 251 274 283 4a.
308 250 333 283 O
363 259 455 290 quam
481 255 588 290 gratus
614 249 679 280 eius
706 248 794 280 color
899 246 966 280 4b.
996 247 1095 279 Flore
1121 255 1258 279 vernans
1284 246 1445 287 virginali,

362 298 520 330 Virtutum
535 297 592 329 sub
607 299 694 328 veste
707 296 813 337 nigra!
1041 295 1154 329 Choris
1167 303 1299 327 manens
1313 294 1507 327 caelestibus

313 346 467 378 Aromata
496 345 593 376 vincit
618 344 707 383 odor,
993 342 1037 375 Et
1062 343 1184 375 honore
1207 343 1341 383 speciali

355 393 433 425 Eius
459 402 568 424 manus
594 396 642 424 est
666 391 813 432 impigra.
1042 391 1244 432 Agniiuncta
1255 388 1330 435 [est]
1341 390 1501 432 gregibus,

219 482 275 512 5a.
309 479 424 511 Mixtio
451 478 551 510 dulcis
577 478 608 509 in
635 478 701 518 illa,
903 477 965 510 5b.
996 477 1109 509 Tensis
1135 479 1243 509 nervis
1269 477 1423 510 concinan
1434 485 1471 507 us

357 526 494 558 Pulchra
519 525 686 563 membriS‚
714 525 814 557 maior
1039 525 1084 557 Et
1108 528 1277 565 utrumque
1301 533 1501 564 veneramur,

584 573 659 614 fide,
993 573 1093 613 Opem
1121 573 1243 604 cunctis
1267 573 1475 614 postulemus,

312 621 444 653 Grittiae
470 621 627 652 redundat
654 621 758 662 stilla;
1038 620 1144 652 Ambo
1170 619 1336 653 conferant
1361 620 1468 654 hodie.

357 669 416 707 Qui
431 677 463 699 es
475 669 597 707 doctus,
612 677 724 710 pange,
740 668 814 701 fide.

207 756 268 786 6a.
305 754 502 794 Opportuna,
530 759 562 785 tu
588 763 737 786 succurre
898 754 959 787 6b.
991 755 1147 786 Militanti
1173 755 1261 795 plebi
1288 758 1372 795 tuae,

356 802 468 834 Multis
493 811 576 833 nunc
593 802 814 842 languentibus
1039 802 1238 843 Opportuna,
1265 803 1410 844 provide,

311 849 499 881 Gutturibus
525 850 618 881 nimis
645 851 732 890 dure,
992 850 1060 882 Deo
1087 854 1188 890 grata,
1215 849 1277 892 fac,
1304 851 1369 882 sint
1393 854 1466 882 asta.

358 896 472 928 Lensis
498 902 529 928 et
554 897 745 937 inguinibus,
1038 898 1080 930 Et
1107 898 1230 938 agenda
1256 898 1395 931 consule.

214 983 230 1014 7
249 991 277 1013 a.
310 982 398 1022 Fuga
426 981 539 1020 famen,
567 983 650 1022 pelle
676 986 797 1023 pestem
898 983 958 1017 7b.
989 985 1075 1023 Quae
1101 993 1170 1015 cum
1189 984 1316 1016 Christo
1338 984 1502 1026 gloriaris,

358 1030 398 1061 Et
411 1039 468 1069 pro
479 1031 812 1073 servisposcepacem,
1039 1031 1228 1071 Opportuna
1258 1032 1407 1072 gloriosa,

307 1079 336 1108 A
364 1077 455 1108 nobis
482 1078 623 1117 expellas
650 1078 771 1109 hostem
992 1079 1196 1118 Supplicibus
1222 1088 1365 1119 quaeque
1389 1080 1476 1112 dona

357 1125 397 1155 Et
425 1124 499 1155 fidei
525 1133 617 1156 serva
642 1129 789 1157 mentem.
1040 1126 1089 1157 Da
1116 1127 1237 1166 gratiae
1263 1136 1321 1168 per
1347 1128 1470 1161 me1ita.

262 1208 343 1234 Miss.
364 1208 547 1235 pictaviense
570 1210 637 1243 imp.
660 1209 782 1236 Parisiis
800 1208 880 1236 1541.
895 1225 931 1229 —
951 1210 1000 1241 lb,
1021 1208 1038 1236 ⁴2
1060 1211 1180 1237 Praesul
1204 1211 1281 1237 steht
1302 1212 1376 1238 nach
1398 1212 1499 1240 frater.

184 1260 218 1263 —
243 1247 300 1277 Za,
326 1244 344 1272 3
374 1246 470 1272 lucida
496 1247 664 1282 praefulget.
687 1262 722 1265 —
743 1246 802 1279 5a,
829 1246 846 1273 2³1
874 1252 985 1275 ceteras
1007 1248 1122 1275 christo
1150 1249 1231 1275 fixas.
1254 1266 1289 1269 —
1311 1248 1371 1282 3b,
1402 1250 1419 1277 2
1440 1252 1498 1278 vir-

184 1285 273 1316 ginei.
294 1299 330 1302 —
351 1283 410 1312 41),
433 1283 449 1310 2
472 1284 565 1311 Charo
588 1294 707 1312 manens
729 1288 773 1312 est
794 1286 923 1312 caelesti.
944 1301 981 1304 —
1002 1287 1083 1312 Nacti
1105 1286 1156 1315 521,
1177 1287 1195 1314 4
1215 1288 1288 1323 folgt
1309 1289 1397 1315 noch:
1426 1288 1498 1316 Cum

185 1322 270 1348 celsi<
300 1323 474 1356 agminibus.
496 1338 531 1341 —
554 1323 635 1349 Nach
658 1322 716 1352 Ἡ),
739 1322 756 1350 2
777 1324 850 1359 folgt
870 1323 960 1351 noch:
978 1333 1090 1362 sponsa
1111 1326 1230 1352 Christi.
1254 1341 1290 1344 —
1313 1325 1364 1357 7b,
1385 1326 1404 1354 4
1426 1328 1497 1354 Suc-

184 1368 266 1386 curre
287 1361 407 1395 gratiae.
423 1374 459 1379 —
475 1361 561 1387 Trotz
583 1361 632 1388 der
655 1362 706 1388 auf
723 1366 775 1397 gut
789 1362 882 1389 Gluck
898 1367 1048 1397 gewagten
1064 1364 1223 1400 Anderung
1237 1374 1282 1391 ani
1298 1365 1389 1392 Texte
1404 1365 1499 1392 bleibt

181 1397 413 1465 ἒιίιξὲἰίῗξὲἓῖῃῖ
437 1400 482 1424 ein
498 1397 676 1433 Machwerk‚
698 1399 750 1426 (las
772 1400 834 1426 sich
855 1400 945 1427 durch
967 1401 1062 1427 nichts
1077 1403 1205 1438 weniger
1226 1403 1270 1429 als
1288 1404 1375 1437 „Arte
1393 1402 1495 1430 metri“

624 1558 690 1589 258.
732 1559 774 1589 De
795 1561 905 1590 sancta
926 1559 1048 1591 Ottilia.

639 1658 668 1690 1.
700 1657 824 1690 Celsum
851 1667 977 1691 carmen

695 1706 784 1746 puris
810 1715 849 1738 ex
874 1707 1057 1747 pectoribus

695 1757 867 1793 personent

206 1837 265 1868 2³.
296 1837 333 1869 In
361 1837 412 1868 die
438 1838 536 1870 natali
889 1840 951 1875 2b.
982 1840 1032 1873 De
1055 1842 1143 1874 euius
1169 1847 1282 1875 exortu

299 1890 430 1916 ovantes
981 1889 1142 1921 laetantur

301 1932 420 1985 Ottilae
446 1933 579 1966 devotae
981 1937 1120 1976 plurima
1146 1936 1336 1970 famularum

301 1989 449 2020 Virgines.
983 1986 1119 2025 agmina.

204 2066 266 2098 32.
297 2064 361 2097 Per
385 2067 473 2098 illam
500 2067 614 2099 etenim
890 2069 953 2102 3b,
985 2070 1072 2102 Haec
1098 2080 1153 2103 exs
1171 2076 1203 2104 at
1229 2074 1408 2114 exemplum

299 2114 526 2154 splendescunt
554 2115 726 2155 virginales
984 2119 1207 2160 specimenque
1231 2120 1387 2154 bonorum

296 2162 477 2200 normulae;
981 2167 1131 2201 omnium.

204 2248 264 2279 43.
296 2247 456 2287 Spernens
487 2248 612 2288 penitus
888 2251 949 2284 4b.
979 2252 1138 2294 Spemque
1162 2255 1195 2286 in
1221 2256 1289 2288 Deo

296 2296 413 2328 misera
982 2299 1126 2334 funditus

296 2344 415 2375 saeculi
440 2344 566 2384 gaudia,
983 2349 1121 2382 validam
1146 2351 1266 2385 iaciens

301 2392 439 2432 gestiens
467 2392 585 2425 Christi
982 2397 1113 2430 credula
1139 2399 1206 2432 eius

298 2440 483 2480 pauperiem
512 2440 611 2480 sequi,
981 2449 1123 2479 sectatur
1148 2449 1278 2483 monita.
