1655 2713
687 159 950 195 —257—

174 245 235 278 6a.
268 245 311 278 Se
336 247 472 282 Rodeva
498 253 618 285 sanctis
644 255 757 298 iunxit,

269 294 369 334 Quam
401 299 549 332 caelestis
575 305 670 342 pater
695 305 787 337 unxit

317 343 478 379 Unctione
505 349 638 388 spiritus
650 363 658 392 ;

172 419 232 454 7a.
265 420 325 452 His
351 423 471 456 auditis
495 427 705 465 perturbatur

267 468 320 508 Et,
348 479 411 510 quo
437 472 526 514 isset,
554 476 738 510 sciscitatur

314 517 458 558 Sponsus
485 522 552 554 eius
578 525 743 566 saeviens3

166 593 230 626 82.
263 593 407 628 Fervens
433 597 507 638 igne
533 600 677 632 caritatis

266 643 371 675 Adest
398 645 503 686 virgo;
532 648 730 682 detruncatis

313 691 412 732 Naso,
441 694 550 738 labris,
579 697 710 730 auribus

167 767 226 800 9a.
260 766 344 799 Dum
373 767 528 803 festinant
556 774 743 807 recedentes

261 815 306 847 Et
330 825 390 856 per
415 818 497 850 viam
525 821 710 860 gradientes

309 864 445 906 Milites,
471 876 534 907 qua
560 874 724 909 venerant,

141 938 226 972 lOa.
263 941 356 973 Omni
383 952 443 982 ope
470 943 615 977 destituti

260 989 349 1031 Mox,
376 994 411 1022 ut
437 993 539 1024 sancti
564 995 726 1033 provoluti

306 1034 475 1079 Complexi
503 1045 577 1072 sunt
602 1051 715 1084 genua,

875 259 938 294 6b.
974 261 1064 293 Hanc
1089 261 1238 294 Silvanus
1265 262 1454 303 baptizavit,

969 309 1013 341 Et
1038 309 1120 342 hanc
1146 310 1207 342 sibi
1234 313 1446 351 desponsavit

1019 358 1124 390 Patris
1150 360 1343 399 unigenitus.

871 431 930 466 7b.
962 434 1082 466 Locum
1109 435 1169 467 sibi
1198 436 1399 478 designatum

964 483 1045 514 Adit
1072 492 1178 516 secum
1205 485 1390 518 comitatum

1012 531 1152 563 Militum
1179 534 1352 574 accipiens.

869 604 930 639 8b.
960 605 1060 638 Sanat
1086 616 1154 640 eam
1182 610 1231 640 vir
1255 611 1394 649 virtutis,

963 653 1078 687 Coram
1106 658 1229 688 cunctis
1256 660 1414 691 restitutis

1011 703 1097 735 Loco
1124 714 1181 736 suo
1208 707 1365 744 partibus.

865 776 926 810 9b.
959 779 1046 811 Loco
1072 780 1158 812 sicco
1186 781 1422 823 demerguntur.

954 826 1141 859 Renitentes
1169 830 1367 872 relabuntur,

1005 874 1142 915 Surgere
1169 887 1230 908 non
1259 884 1417 918 poterant.

838 949 923 982 10b.
955 950 1166 992 Supplicant,
1193 958 1228 985 ut
1254 955 1470 995 baptizentur,

956 999 1118 1031 Christum
1138 1002 1241 1033 Deum
1266 1004 1468 1044 confitentur,

1005 1047 1061 1079 Cui
1088 1049 1157 1080 laus
1185 1051 1224 1081 sit
1252 1058 1420 1092 perpetua.

209 1112 293 1140 Miss.
326 1114 511 1142 Bituriceuse
546 1118 614 1152 imp.
647 1118 770 1146 Parisiis
808 1118 890 1148 1493.
922 1122 956 1149 A.
988 1138 1024 1141 —
1055 1124 1138 1151 Miss.
1173 1127 1356 1155 llituricensv
1392 1131 1462 1165 imp⁴

132 1148 258 1177 Parisiis
283 1149 365 1179 1522.
387 1153 420 1180 Β,
443 1169 479 1173 —-
501 1153 552 1185 7a,
577 1154 595 1182 2
616 1166 674 1192 quo
696 1162 773 1186 esset
794 1159 829 1186 A.
853 1175 890 1178 —
912 1159 964 1195 7b,
987 1160 1004 1188 2
1025 1162 1115 1189 Addit
1137 1165 1196 1191 ΑΒ.

534 1317 601 1347 289.
644 1318 685 1349 De
707 1327 748 1350 ss.
771 1319 894 1352 Simone
917 1324 949 1353 et
971 1323 1055 1354 Iuda.

529 1418 559 1450 1.
591 1417 670 1450 Dies
698 1418 826 1461 festiva,

588 1466 657 1498 dies
683 1473 804 1510 sancta,

588 1514 656 1546 dies
682 1516 900 1558 praefulgida,

586 1563 712 1604 piorum
740 1566 821 1597 votis
850 1573 1012 1611 exoptata,

145 1636 204 1667 2a.
238 1635 345 1668 Hodie
372 1637 412 1669 de
439 1640 528 1671 caelo

242 1685 379 1717 rutilans
406 1687 472 1719 alto

239 1735 358 1771 gaudia
384 1739 532 1776 reportat

237 1783 297 1814 toti
324 1781 434 1816 felicia
461 1786 581 1817 mundo

239 1831 398 1872 digneque
425 1833 577 1866 colendos

237 1880 367 1912 exhibet
394 1885 568 1922 patr0u0s3

135 1956 195 1988 3a.
227 1956 271 1989 Hi
298 1958 356 1990 viri
385 1959 539 1992 virtutum

231 2006 274 2038 ad
300 2007 468 2040 clementis
495 2009 555 2041 Dei
583 2015 694 2043 nutum

233 2054 377 2088 Persidis
405 2057 480 2089 dum
507 2059 670 2099 regionem

230 2101 367 2136 fuissent
393 2105 541 2148 ingressi,

228 2160 337 2185 semen
364 2154 455 2186 verbi
481 2155 541 2187 Dei

130 2232 192 2265 4a.
222 2233 277 2265 Ad
304 2243 439 2274 quorum
467 2235 648 2268 doctrinam

225 2281 389 2314 salubrem
417 2286 450 2315 et
477 2283 619 2316 divinam

225 2334 381 2363 evacuato

223 2379 389 2419 gentilium
417 2381 482 2412 ritu

224 2426 301 2459 fidei
327 2428 448 2461 lumine
475 2429 584 2463 Persis

222 2475 396 2520 illustrata,

157 2533 178 2556 B
186 2533 196 2556 l
205 2539 223 2556 u
230 2541 257 2557 m
264 2541 278 2557 e
287 2553 293 2563 ,
317 2535 489 2564 sequentiae
506 2537 643 2561 Inoditae.
674 2537 723 2562 lx,

844 1644 909 1677 2b.
942 1647 1081 1685 Quorum
1109 1648 1140 1679 in
1169 1649 1288 1681 honore

941 1695 1034 1734 pulso
1062 1700 1173 1736 tepore

937 1743 1023 1774 dulci
1051 1745 1191 1777 melodia

938 1792 1064 1824 divinas
1092 1794 1229 1826 mulceat
1258 1805 1353 1827 aures

937 1840 1029 1880 plebs
1056 1842 1119 1884 pia,
1149 1843 1240 1882 plebs
1267 1848 1388 1881 sancta,

933 1889 1026 1929 plebs
1052 1889 1234 1925 benedicta.

838 1967 857 1997 Ρ»
869 1964 900 2000 b.
932 1966 997 1998 Sub
1022 1977 1079 2008 spe
1106 1979 1168 2000 non
1195 1970 1282 2002 inani

932 2015 964 2047 in
989 2020 1109 2048 terram
1137 2019 1244 2050 cordis
1271 2019 1401 2051 humani

931 2065 1075 2097 studiose
1102 2067 1259 2099 miserunt

931 2117 962 2143 et
987 2112 1068 2146 falsa
1097 2115 1251 2147 docentes

931 2170 1040 2202 magos
1067 2164 1274 2203 expulerunt.

826 2237 892 2273 4b.
922 2240 1086 2281 Linquens
1114 2242 1293 2274 nocituram

926 2288 1085 2321 idolorum
1114 2291 1283 2332 culturam,

924 2337 966 2369 ad
995 2339 1113 2369 cultum
1143 2339 1210 2370 veri

924 2394 1079 2418 conversa
1106 2391 1153 2418 est
1182 2387 1243 2419 Dei

926 2434 1044 2466 divinis
1071 2439 1101 2467 et
1129 2435 1265 2476 eloquiis

920 2484 1113 2524 mancipata.

1232 2541 1264 2569 17
