1655 2713
657 127 918 163 —153—

139 221 200 254 3a.
233 220 328 254 Calix
352 231 495 255 summae
520 223 688 265 dignitatis
819 226 838 257 3
850 224 880 259 b.
911 225 1009 265 Quem
1035 233 1069 255 se
1097 223 1208 255 bibere
1234 222 1363 262 fatetur,

235 269 346 302 Iacobi
373 295 381 303 .
410 297 418 305 .
444 271 594 311 primatis
914 273 1014 311 Bibit,
1041 277 1076 304 ut
1101 270 1325 312 perfrueretur

284 317 427 350 Offertur
453 319 611 360 insigniis,
963 320 1113 353 Aeternis
1141 320 1275 353 deliciis.

138 405 199 436 4a.
231 405 313 445 Ave,
340 404 406 436 dux
432 406 662 447 apostolorum,
813 407 876 441 4b.
907 408 988 443 Ave,
1016 406 1138 447 primus
1163 410 1382 445 patronorum,

236 452 376 492 Quorum
388 454 625 493 primusintras
636 455 768 487 chorum
911 455 1017 492 Salve,
1046 464 1122 486 vera
1148 454 1200 486 lux
1231 454 1409 495 doctorum,

289 500 469 532 Laureatus
496 503 669 542 sanguine3
964 503 1010 534 Re
1036 502 1210 542 splendens
1238 506 1269 533 et
1294 501 1432 533 nomine.

141 588 202 619 5a.
233 586 259 618 O
286 586 419 618 sinistra
446 588 561 619 summi
585 588 658 627 Dei,
814 587 878 621 5b.
911 589 1052 620 Currunt
1068 589 1165 627 caeci,
1183 592 1315 619 currunt
1330 587 1448 626 claudi,

237 634 291 666 Ad
319 639 350 666 te
377 640 510 667 currunt
537 637 654 676 quique
681 636 727 668 rei
913 637 972 675 Qui
1000 637 1105 667 sanati
1129 637 1202 668 Iesu
1229 636 1317 668 laudi

287 682 352 722 Spe
378 692 537 724 supernae
562 685 696 724 gratiae,
960 684 1045 715 Dant
1075 693 1167 715 voces
1194 684 1348 716 laetitiae.

142 770 203 801 tia.
236 769 332 802 Hunc
367 773 537 809 patronum
569 778 760 802 veneremur
820 769 884 803 6b.
917 771 959 803 Ut
987 780 1004 802 a
1032 771 1143 810 poenis
1169 770 1344 802 liberemur

239 817 456 857 Iacobumque
482 817 695 858 deprecemur
916 818 1120 858 Patronoque
1147 819 1342 849 collocemur

291 865 418 902 Cordis,
446 865 512 897 oris
538 865 651 902 iubilo.
965 867 1000 898 ln
1029 867 1162 905 perenni
1189 867 1316 906 gaudio.

193 951 276 978 Miss.
299 959 352 977 ms.
376 951 721 986 Claustroneoburgense
743 959 820 977 saec,
844 949 887 977 15.
910 951 980 978 le.
1007 950 1324 986 Claustr«nunburgen.
1348 950 1412 978 (517.

547 1083 606 1114 165.
650 1083 691 1114 De
713 1092 736 1113 s.
760 1083 870 1114 Iacobo
893 1082 1019 1113 Maiore.

143 1175 202 1209 la.
234 1173 357 1205 Psallat
383 1174 468 1205 laeta
494 1182 704 1214 supernorum
816 1173 876 1206 lb.
909 1174 951 1205 Et
978 1174 1009 1205 in
1037 1178 1123 1205 terra
1150 1175 1213 1206 sint
1240 1174 1396 1205 iustorum

282 1221 389 1264 Curia,
957 1221 1096 1255 Gaudia.

139 1301 199 1332 2a.
229 1299 348 1332 Sancto
375 1299 445 1331 dies
472 1299 525 1331 hic
549 1300 719 1340 sanctitur,
816 1299 878 1333 2b.
909 1301 1009 1339 Quem
1036 1308 1175 1339 superna
1203 1301 1338 1331 caritate

236 1348 305 1387 Quo
331 1347 473 1380 Iudaeae
499 1348 646 1388 aperitur
915 1348 1044 1379 Patrem
1071 1349 1160 1379 salva
1187 1349 1335 1380 castitate

283 1396 326 1428 Et
354 1395 425 1435 tibi,
454 1396 611 1435 Samaria,
964 1396 1052 1427 Parit
1079 1397 1169 1436 virgo
1195 1396 1272 1429 filia.

142 1474 200 1506 3a.
232 1473 435 1505 Contradicit
463 1473 538 1505 huie
565 1472 722 1513 Philetus,
819 1472 882 1506 3b.
914 1471 998 1504 Fide
1024 1473 1138 1512 plenus
1164 1473 1219 1503 ille
1246 1473 1341 1511 redit,

237 1522 360 1554 Contra
386 1520 482 1553 fidem
508 1521 681 1561 inquietus,
916 1521 1039 1552 Doetor
1064 1522 1150 1552 ultus
1176 1529 1246 1551 esse
1272 1521 1374 1551 credit

285 1569 409 1601 Missus
435 1569 476 1601 ab
502 1569 725 1609 Hermogene,
966 1568 1136 1600 vinculato
1163 1569 1287 1611 iuvene.

140 1648 203 1679 4a.
235 1646 347 1679 Claret
380 1649 511 1678 sanctus
537 1645 754 1685 absolvend0;
817 1644 880 1679 4b.
914 1644 1067 1685 Magnum
1096 1644 1235 1676 reddunt
1264 1645 1452 1683 incremata,

236 1695 315 1727 Mox
341 1695 469 1734 utrique
495 1693 653 1736 capiendo
914 1693 999 1724 Mire
1027 1693 1135 1724 dolent
1163 1702 1223 1733 pro
1249 1697 1364 1733 negata

284 1742 464 1775 Mittuntur
490 1742 678 1785 daemonia;
963 1741 1129 1773 Laesionis
1157 1742 1260 1783 copia.

139 1823 201 1854 5a.
232 1819 358 1853 Doctor
383 1820 469 1852 vitae
496 1820 589 1852 docet
617 1820 725 1860 istum,
816 1818 880 1852 5b.
911 1819 1004 1858 Quod
1029 1819 1081 1850 hie
1106 1820 1197 1859 prius
1223 1817 1420 1854 affirmabat,

234 1868 362 1901 Gaudet
389 1869 451 1900 iste
477 1869 567 1909 sequi
589 1868 754 1902 Christum
912 1867 1028 1908 Negat,
1057 1868 1164 1909 dolet;
1195 1869 1252 1900 sed
1277 1868 1419 1900 declarat

283 1917 366 1949 Tota
393 1926 463 1949 cum
489 1916 631 1958 familia‘,
965 1916 1097 1949 Penitus
1128 1917 1300 1950 contraria.

138 1995 198 2028 6a.
231 1995 269 2027 In
295 1994 408 2026 diebus
435 2004 621 2035 azymorum
818 1993 884 2027 6b.
916 1993 980 2026 Dat
1007 1994 1107 2026 losias
1135 1994 1216 2026 collo
1243 1998 1361 2026 restem

236 2043 323 2076 Petit
350 2043 435 2075 livor
461 2044 654 2076 ludaeorum
915 2043 1053 2084 Poenae,
1082 2043 1172 2083 punit
1192 2043 1313 2075 Christi
1340 2046 1454 2074 testem

287 2092 439 2125 Sanctum
467 2092 509 2124 ad
535 2092 716 2133 supplicia3
963 2091 1061 2123 Reste
1087 2091 1267 2125 suffocaria.

140 2170 203 2203 7a.
233 2169 380 2202 Trahens
404 2179 476 2202 eum
504 2170 660 2203 decollari
819 2168 880 2202 7b.
912 2169 992 2201 Mox
1029 2173 1239 2209 compunctus
1271 2168 1456 2208 baptizatur

236 2218 329 2251 Vidit
354 2227 488 2261 aegrum
511 2219 659 2259 reparari
912 2217 956 2249 Et
985 2217 1110 2249 doctori
1138 2225 1244 2249 comes
1272 2217 1367 2249 datur

286 2266 384 2300 Dicto
410 2267 532 2300 Christi
558 2266 702 2307 nomine3
960 2265 996 2298 In
1023 2265 1122 2297 effuso
1148 2265 1315 2306 sanguine.

139 2345 201 2378 82.
234 2345 300 2378 Par
325 2344 478 2377 Iohannis
505 2349 537 2376 et
564 2351 727 2384 germane,
818 2341 883 2375 8b.
915 2342 1017 2381 Quam
1044 2342 1074 2373 in
1103 2350 1200 2374 carne
1227 2341 1380 2373 rutilante

234 2393 329 2426 Nunc
354 2393 388 2426 in
414 2393 514 2425 caelis
541 2392 632 2426 vides
657 2391 755 2432 plane
918 2390 1021 2423 Nobis
1048 2390 1280 2422 demonstravit
1307 2395 1383 2422 ante

282 2441 490 2475 Maiestatem
516 2441 659 2478 Domini,
962 2439 1050 2472 Deus
1076 2438 1174 2485 idem
1189 2438 1320 2471 homini.
