1655 2713
721 148 954 182 -56-

203 244 262 275 9a.
296 245 325 274 A
358 244 468 276 dolore
494 245 647 283 dentium,
891 245 954 277 9b.
990 245 1034 278 Ut
1060 245 1167 278 calore
1191 246 1326 286 spiritus

297 294 326 322 A
353 292 504 331 languore
530 293 682 324 mentium
985 292 1204 325 Inflammatus
1230 295 1412 335 promptior

296 339 341 370 Te
368 348 460 371 serva
486 344 686 381 venerantes,
985 341 1033 372 Sit
1059 345 1168 373 noster
1193 341 1246 373 hic
1271 347 1405 375 oonatus

296 387 345 418 Ne
372 387 497 419 laudum
526 391 598 419 vota
625 388 716 419 irrita
983 389 1177 421 Neumarum
1203 399 1302 422 novas
1328 391 1370 423 ad
1396 391 1478 424 odas

343 435 438 466 Fiant
463 445 520 474 per
547 436 717 478 contraria,
1032 438 1238 478 Peragendas
1263 439 1295 470 in
1322 439 1441 479 patria.

177 555 218 585 10
230 563 256 583 a.
293 554 344 584 Ad
371 563 501 585 amoena
527 554 671 593 paradisi
862 556 904 588 10
916 555 947 588 b.
983 557 1069 596 Quae
1094 556 1186 588 iubili
1213 557 1367 590 melliflua

294 601 358 632 Nos
386 600 562 632 transferre
587 606 708 643 satage,
978 604 1159 636 Modularis
1186 606 1338 648 carmina,

289 652 354 687 Quo
381 649 547 688 Seraphim
573 654 602 681 et
628 650 798 682 Cherubim
978 652 1003 684 Ο
1030 651 1107 683 felix
1135 654 1321 694 Apollonia,

289 698 440 733 sam-tus,
459 698 599 730 Sanctus
614 699 823 737 proclamant.
977 700 1094 732 Venire
1120 701 1181 732 huc
1207 711 1359 742 propera,

597 814 650 845 11.
690 814 858 855 Perpende
883 816 1042 854 angarias.

246 929 328 954 Miss.
358 939 408 955 ms.
431 931 619 966 Frisingense
647 940 721 958 saec.
750 931 793 959 15.
816 933 888 959 Cim.
910 933 1062 960 Monacen.
1088 932 1174 962 8389.
1195 937 1230 962 Α.
1257 951 1294 955 -
1321 939 1402 966 Miss.
1430 949 1485 967 ms.

169 966 329 993 Altahense
359 968 451 1002 (Sup.)
478 971 546 995 anni
572 967 652 996 1493.
675 970 748 997 Clm.
774 971 926 997 Monacen.
948 970 1023 999 9743
1045 973 1076 999 B.
1101 988 1136 991 —
1159 973 1185 1005 1,
1208 973 1226 1000 2
1247 975 1376 1003 fractura
1396 979 1429 1004 B.
1452 993 1490 997 —

169 1002 225 1035 221,
256 1005 263 1030 l
291 1006 413 1032 Gustum
436 1006 475 1039 A;
503 1008 615 1034 Iustum
645 1008 674 1033 B.
696 1023 734 1026 —
760 1006 815 1040 3a,
843 1009 861 1035 5
889 1010 1046 1037 Beatorum
1074 1012 1107 1037 B.
1129 1026 1166 1030 —
1193 1011 1252 1043 3b,
1283 1012 1300 1040 2
1322 1016 1386 1048 Quo
1409 1019 1484 1044 miro

170 1043 206 1074 B;
228 1043 318 1069 dona<
335 1047 366 1074 Α,
391 1052 479 1070 canas
501 1046 533 1071 B.
547 1060 586 1064 —
605 1045 656 1077 4a,
679 1045 696 1072 4
712 1046 822 1073 Christi
844 1050 941 1074 renuit
961 1049 993 1075 Β.
1016 1064 1052 1067 —
1072 1048 1132 1081 5b,
1159 1050 1170 1076 1
1193 1051 1267 1078 festa
1288 1055 1369 1088 regia
1393 1056 1424 1081 B.
1446 1070 1484 1073 —

168 1078 220 1112 fib,
241 1079 258 1107 3
274 1082 372 1108 iurata
390 1083 420 1108 B.
436 1098 472 1100 —
494 1081 546 1113 7b,
568 1082 586 1110 2
602 1085 657 1110 Pro
679 1086 759 1111 necis
781 1086 891 1112 auxilio
908 1087 938 1113 B.
954 1101 991 1104 —
1005 1085 1058 1120 8b,
1079 1086 1096 1114 5
1112 1089 1254 1116 colonam
1277 1090 1484 1127 alumphorum

169 1118 199 1144 B.
219 1133 253 1136 —
280 1118 339 1150 loa,
360 1119 378 1147 3
398 1123 427 1146 et
447 1121 519 1148 fehlt
541 1123 571 1148 B.
598 1137 625 1140 -—
647 1120 680 1149 10
692 1123 722 1154 b,
745 1121 763 1149 2
783 1123 968 1151 Modularum
990 1125 1023 1151 A.
1044 1140 1081 1145 —
1105 1125 1175 1159 lob.
1196 1125 1214 1154 3
1235 1127 1276 1154 Et
1296 1129 1368 1156 felix
1390 1132 1423 1158 A.
1446 1146 1484 1150 —

170 1154 201 1182 11
226 1157 356 1192 Propede
377 1159 409 1185 B.

544 1338 589 1367 53.
632 1338 663 1368 ln
687 1338 906 1371 'translatione
928 1350 950 1372 s.
972 1342 1105 1373 Arsacii.

192 1453 248 1484 la.
284 1454 379 1491 Quem
407 1453 491 1485 filiae
517 1455 688 1487 Ierusalem
876 1458 937 1491 lb.
974 1460 1009 1490 In
1036 1469 1097 1499 quo
1122 1461 1203 1493 sicut
1230 1463 1417 1497 laetantium

283 1501 498 1539 speculantur,
525 1506 560 1533 ut
586 1504 715 1535 videant
968 1509 1106 1539 omnium
1133 1509 1290 1542 habitatio

284 1550 371 1585 regni
399 1549 465 1580 eius
968 1560 1039 1594 post
1069 1555 1301 1591 confessionem
1329 1562 1400 1600 spei

282 1596 559 1639 magnificentiam,
967 1603 1224 1642 magnificabitur
1233 1617 1241 1645 ς

186 1714 243 1744 2a.
280 1715 374 1745 Cuius
403 1724 476 1747 vere
873 1721 934 1753 2b.
970 1721 1050 1753 Nam
1077 1723 1242 1756 confessor

279 1763 408 1800 gloriosi
439 1764 522 1803 regis
965 1771 1087 1810 proprii
1113 1776 1220 1804 reatus

278 1819 357 1849 opus
384 1811 554 1849 gloriosum
965 1821 994 1848 et
1023 1818 1150 1850 divinae
1176 1821 1281 1852 laudis

278 1858 435 1889 confessio
462 1860 668 1897 praedicatur
964 1864 1152 1898 humilitatis
1185 1870 1298 1901 merito

277 1910 307 1934 et
334 1906 577 1945 magnificentia.
963 1914 1267 1953 conglorificabitur.

181 2024 239 2055 3a.
277 2027 374 2062 Quam
408 2026 540 2065 gloriam
567 2033 696 2060 sanctus
722 2029 782 2060 iste
869 2030 929 2064 3b.
964 2032 1257 2068 Ressurrectionem
1285 2040 1392 2071 carnis

275 2073 458 2112 concepisse
963 2079 995 2111 in
1023 2079 1130 2113 futuro

274 2124 469 2152 memoratur
496 2123 620 2155 devotis
962 2132 1211 2163 consummanda
1237 2133 1393 2175 absorpta

271 2169 426 2200 ecclesiae
450 2170 608 2203 laudibus.
962 2181 1065 2208 morte
1095 2178 1127 2209 in
1155 2179 1300 2221 victoria,

178 2289 235 2319 4a.
274 2287 386 2319 Fidem
414 2290 587 2323 illustravit
614 2292 690 2331 vita7
863 2295 927 2328 4b.
963 2296 1085 2336 Iugiter
1110 2299 1318 2334 mortificavit

271 2337 368 2367 vitani
396 2338 560 2376 miracula.
959 2347 1252 2386 concupiscentiam

270 2385 402 2424 gloriam
431 2386 656 2420 miraculorum
957 2393 991 2424 in
1018 2402 1111 2426 cruce
1137 2398 1340 2431 contritionis

269 2441 325 2464 con
332 2432 478 2466 fessionis
505 2435 678 2477 humilitas,
958 2440 1094 2474 offerens
1119 2443 1350 2481 innocentiam.
