1655 2713
693 153 950 188 —164—

182 253 243 284 4a.
277 251 378 284 Felici
405 253 595 284 commercio
874 250 937 284 4b.
970 251 1008 282 In
1037 250 1166 283 Domini
1191 252 1312 291 gremio

283 299 346 331 Pro
371 300 493 332 minuto
518 300 622 340 pretio
967 299 1131 331 Dormivit
1155 308 1226 332 cum
1251 300 1371 341 gaudio

328 347 501 379 Dimittens
527 347 693 378 terrestria
1019 347 1055 378 ln
1083 355 1162 379 cena
1187 347 1348 380 dominica

328 395 464 435 Recepit
490 395 649 427 caelestia.
1016 395 1100 427 Fide
1127 394 1228 429 fretus
1254 396 1355 431 deica.

180 485 198 514 5
217 491 247 514 a.
281 481 357 512 Cum
385 490 443 521 per
470 489 594 512 crucem
875 480 937 515 5b.
971 481 1098 513 Vocans
1126 480 1258 514 fratrem

280 529 396 560 Mortis
424 529 536 560 ducem
971 528 1038 561 Sibi
1065 533 1201 562 matrem

329 576 502 616 Superaret
1019 578 1271 620 Commendavit‚

326 624 367 655 Et
395 624 562 656 damnaret
1018 625 1118 665 Quam
1146 626 1266 657 amavit

372 672 439 703 Rex
466 676 575 703 noster
600 676 631 703 et
658 672 769 712 gloria,
1069 673 1152 705 Vere
1176 682 1274 714 super
1301 675 1421 707 omnia.

180 759 240 791 63.
272 757 321 789 Ex
348 758 407 789 hac
434 759 486 790 die
876 759 936 792 6b.
968 759 1078 791 Donec
1106 759 1172 791 vita

276 806 349 838 Pius
378 806 430 845 pie
971 807 1122 839 stabilita

323 853 504 885 Custodivit
1018 855 1086 887 Sibi
1114 854 1185 895 fuit,

322 901 363 932 Et
391 901 523 932 servivit
1016 903 1059 934 Et
1085 903 1207 943 placuit

375 948 450 980 Sine
477 958 538 989 qua
561 949 687 990 iniuria,
1064 951 1133 982 Deo
1160 951 1237 982 dare
1265 952 1422 990 praemia.

183 1035 242 1067 73.
278 1034 413 1073 Propter
438 1033 533 1066 fidem
560 1035 714 1066 trinitatis
873 1036 932 1069 7b.
968 1036 1030 1070 Ubi
1055 1045 1172 1068 vacans
1198 1037 1266 1069 Deo
1291 1037 1364 1078 soli,

279 1081 321 1112 Et
345 1090 483 1112 amorem
512 1082 640 1113 deitatis
965 1084 1089 1124 Raptus
1117 1085 1159 1116 ad
1184 1093 1324 1124 superna
1350 1085 1420 1124 poli

326 1129 499 1161 Exsulatus
525 1140 543 1160 a
569 1130 674 1169 patria
1013 1132 1111 1163 Novit
1136 1132 1198 1163 Dei
1223 1133 1390 1173 mysteria,

324 1177 437 1208 Pulsus
463 1181 495 1208 et
521 1186 589 1208 cum
616 1178 741 1212 iniuria.
1011 1180 1098 1218 Quae
1123 1179 1202 1211 fiunt
1229 1182 1262 1212 in
1289 1180 1441 1212 ecclesia.

183 1263 242 1294 83.
275 1262 299 1294 Ο
324 1262 493 1301 Iohannes,
521 1264 592 1295 Deo
619 1273 701 1305 care,
872 1265 934 1299 Sb.
966 1267 1011 1299 Ut
1036 1275 1095 1305 per
1120 1275 1199 1305 opus
1225 1267 1355 1306 pietatis

278 1312 308 1340 A
335 1311 476 1348 peccatis
503 1311 665 1342 declinare
968 1313 1044 1345 Cum
1071 1318 1240 1353 augmento
1267 1314 1414 1346 caritatis

326 1359 362 1389 ln
390 1358 450 1389 hac
476 1359 542 1390 vita
1014 1361 1118 1392 Simus
1145 1362 1250 1392 cuncti

323 1404 390 1436 Fac
416 1414 473 1437 nos
499 1406 553 1447 ita,
1016 1408 1084 1440 Deo
1110 1409 1210 1440 iuncti

373 1453 557 1485 Mereamur
582 1457 615 1485 ut
634 1455 787 1496 praemia,
1065 1458 1099 1488 In
1127 1457 1257 1488 caelesti
1281 1457 1398 1496 patria.

607 1540 637 1572 9.
667 1540 711 1572 Ut
739 1540 817 1572 haec
844 1540 919 1573 fiant
943 1542 1058 1583 omnia,

666 1587 777 1619 Donet
803 1588 863 1620 Dei
889 1590 1001 1629 gratia.

243 1670 325 1697 Misr.
353 1679 404 1697 ms.
435 1670 602 1698 Senonense
630 1680 704 1699 saec.
738 1670 779 1700 13.
809 1672 878 1700 Cod.
905 1674 1030 1700 Parisin.
1060 1672 1165 1701 10502.
1193 1676 1227 1702 A.
1256 1689 1290 1693 —
1318 1675 1402 1702 Miss.
1432 1684 1489 1703 ms.

167 1710 337 1735 Senonense
366 1717 438 1735 saec.
469 1708 512 1735 14.
536 1709 605 1736 Cod.
627 1710 791 1737 Londinen.
819 1711 884 1738 add.
905 1709 1012 1739 30508.
1034 1713 1066 1739 B.
1088 1727 1124 1732 -—
1146 1713 1220 1739 Miss
1241 1722 1293 1740 ms.
1316 1714 1490 1741 Senonense

169 1755 244 1773 saec.
276 1746 318 1773 15.
348 1748 417 1774 Cod.
446 1748 571 1773 Parisin.
599 1746 662 1775 880.
693 1747 720 1775 2.
747 1749 778 1776 C.
799 1763 835 1767 —
856 1750 939 1776 Miss
966 1759 1018 1777 ms.
1045 1751 1214 1778 Senonense
1243 1759 1317 1778 saec.
1349 1751 1392 1779 15.
1415 1752 1487 1779 Cod-

169 1785 294 1811 Parisin.
323 1783 387 1812 864.
415 1786 450 1812 D.
472 1800 509 1804 —
531 1787 612 1812 Miss.
644 1795 696 1813 ms.
725 1786 893 1815 Senonense
922 1797 997 1815 saec.
1029 1788 1072 1816 15.
1101 1789 1170 1816 Cod.
1197 1790 1308 1817 Montis
1330 1790 1488 1818 Pessulani

167 1823 267 1850 Schol.
289 1823 393 1850 Medic.
416 1822 461 1850 71.
484 1824 520 1850 E.
536 1838 571 1842 —
588 1825 669 1851 Miss.
692 1834 745 1851 ms.
768 1826 796 1852 S.
821 1826 975 1853 Laurentii
998 1828 1226 1862 Longoretensis
1249 1836 1324 1855 saec.
1351 1827 1394 1855 14.
1417 1829 1490 1856 Cod.

167 1862 296 1888 Parisin.
330 1860 411 1889 1106.
440 1862 470 1888 F.
498 1878 533 1881 —
562 1863 642 1889 Miss.
672 1863 841 1891 Senonense
872 1866 938 1900 imp.
968 1865 1134 1892 Senonibus
1167 1864 1247 1893 1556.
1275 1866 1311 1894 G.
1340 1882 1376 1886 —
1403 1868 1487 1894 Miss.

168 1900 337 1927 Senonense
360 1901 428 1935 imp.
452 1900 617 1928 Senonibus
642 1899 723 1928 1575.
746 1902 783 1928 H.
805 1917 842 1921 —
859 1902 908 1935 13,
936 1902 949 1930 1
973 1903 1030 1930 Eia
1051 1905 1091 1930 ist
1111 1904 1265 1940 dreisilbig
1285 1914 1321 1932 zu
1344 1905 1436 1933 lesen.
1451 1920 1488 1924 —-

165 1936 220 1969 3a,
240 1936 258 1964 2
281 1939 362 1965 Dicit
382 1939 448 1966 GH.
471 1953 503 1957 —-
527 1938 577 1971 43,
600 1938 617 1965 2
638 1941 712 1966 inito
735 1941 765 1967 F.
787 1955 822 1960 ——
838 1940 890 1974 43,
912 1939 929 1968 3
951 1941 1139 1968 Commutans
1160 1943 1219 1969 AB.
1238 1958 1259 1961 -
1287 1942 1339 1976 51³,
1361 1943 1379 1970 4
1394 1945 1489 1978 Quem

167 1976 202 2003 Ε.
223 1991 259 1994 -
281 1976 334 2012 51),
357 1975 374 2004 5
396 1978 471 2004 Vere
493 1977 565 2004 fehlt
586 1979 630 2010 H;
654 1987 743 2013 supra
765 1979 796 2006 C.
810 1995 847 1998 —
863 1978 913 2011 63,
935 1977 952 2006 2
974 1980 1044 2007 Plus
1065 1980 1112 2007 hic
1134 1982 1180 2016 pie
1202 1982 1237 2008 D.
1253 1997 1290 2002 —
1305 1980 1356 2015 61),
1379 1981 1397 2010 5
1418 1983 1489 2011 dare

168 2016 297 2050 praemia
319 2016 356 2048 Ἐς
386 2015 461 2042 auch
482 2014 534 2047 41),
555 2017 572 2042 4
596 2016 647 2042 hat
666 2016 750 2043 nicht
770 2017 826 2044 den
846 2018 930 2045 Reim
952 2019 1005 2045 auf
1023 2020 1068 2051 ia,
1098 2020 1152 2046 wie
1173 2024 1255 2046 sonst
1277 2020 1334 2048 alle
1357 2021 1489 2048 Schluss-

166 2062 249 2080 verse
267 2053 350 2087 jedei·
372 2054 590 2090 Halbstrophe3
614 2055 710 2082 semer
731 2053 784 2088 83,
806 2054 823 2082 5
845 2056 896 2083 hat
917 2057 968 2083 das
983 2057 1141 2084 Reimwort
1158 2058 1333 2093 „praemia“,
1356 2059 1409 2087 das
1424 2060 1490 2088 also

168 2091 186 2118 2
207 2092 268 2118 Mal
296 2093 327 2118 in
348 2092 444 2119 dieser
465 2092 598 2128 Sequenz
620 2092 811 2121 vorkommen
835 2094 940 2122 wfirde.
960 2109 998 2113 —
1020 2094 1075 2127 7b.
1106 2095 1118 2122 1
1142 2105 1249 2124 vacens
1271 2098 1303 2124 F.
1324 2113 1361 2116 —
1384 2097 1442 2131 71),
1471 2097 1490 2126 2

170 2131 281 2165 Raptus
308 2134 351 2157 est
378 2131 412 2157 ad
444 2131 483 2160 D:
512 2139 648 2166 suprema
675 2132 736 2166 poli
764 2132 823 2159 AF.
844 2147 881 2152 —
902 2132 933 2162 9.
960 2132 978 2160 2
1004 2135 1059 2161 Dei
1088 2135 1177 2162 donet
1197 2136 1262 2163 GH.
1285 2151 1321 2154 —
1342 2137 1490 2165 Melodie:

166 2169 274 2196 Mane
297 2170 416 2204 prima
438 2169 598 2196 sabbati.

438 2301 496 2332 178.
536 2301 579 2332 De
601 2310 625 2332 s.
647 2301 785 2334 Iohanne
808 2305 880 2335 ante
905 2304 1029 2336 Portam
1052 2305 1208 2338 Latinam.

185 2400 243 2435 la.
278 2400 431 2433 Iohannis
462 2402 689 2443 Evangelistae
881 2405 942 2438 lb.
973 2406 1188 2446 Expendatur
1214 2408 1282 2440 dies
1308 2409 1371 2440 iste

329 2449 512 2483 Laudando
538 2452 708 2491 praeconia
1024 2455 1062 2487 In
1089 2456 1156 2488 eius
1179 2456 1343 2491 memoria.
