1655 2713
147 238 220 271 63.
257 237 326 270 Nec
355 242 498 271 terrores
523 249 587 272 neo
608 244 769 274 tormenta
852 241 918 274 6b.
949 241 1013 273 Per
1038 239 1207 281 promissa,
1235 248 1294 279 per
1319 244 1461 271 terrores

253 286 453 326 Expavescit
478 288 604 320 insueta
950 289 1020 320 Non
1048 289 1172 320 nutavit
1199 289 1230 319 in
1258 297 1384 319 errores

299 335 466 367 Anhelans
493 338 701 378 martyrium3
997 337 1186 376 Pertiugens
1225 336 1267 367 ad
1303 336 1459 368 bravium.

157 402 175 434 7
191 410 221 434 3.
254 401 358 434 Huius
373 403 472 435 verba
486 409 647 444 tamquam
664 405 788 446 umbra,
854 406 872 438 7
890 404 920 438 b.
953 404 1095 436 Mentem
1130 403 1250 435 habens
1278 403 1460 434 roboratam

256 451 349 482 Velut
377 457 501 492 ventus,
529 454 615 484 velut
645 454 740 491 unda,
948 452 1053 492 Supra
1078 457 1203 493 petram
1231 451 1401 483 solidatam

301 498 369 530 Nee
396 506 502 532 tamen
527 500 713 541 inflectitur,
999 500 1065 532 Nec
1091 500 1250 532 alluvione
1277 499 1403 531 teritur.

149 565 176 598 ⁷8
192 575 221 600 a.
254 565 386 598 Sursum
401 566 497 599 fixam
509 573 646 599 mentem
657 573 769 600 tenens
855 570 874 602 8
892 568 921 600 b.
954 569 997 599 At
1022 566 1176 607 profanus
1202 567 1391 607 Quintianus

253 614 322 646 Nec
343 625 362 647 a
380 616 509 648 Christo
528 624 576 647 est
602 618 768 658 recedens,
950 616 1010 647 Est
1036 616 1184 647 turbatus
1210 620 1243 646 ut
1270 615 1399 646 insanus

302 664 430 696 Perstat
456 665 488 696 in
515 666 713 704 constantia3
1000 665 1081 696 Prae
1107 663 1214 694 cordis
1239 663 1375 695 insania.

156 731 219 761 9a.
253 729 279 761 Ο
306 731 404 771 impie
430 741 468 763 ac
494 732 646 770 crudelis,
850 730 916 764 9b.
948 731 1013 764 Cur
1044 730 1090 761 sic
1125 740 1233 761 manes
1259 730 1460 767 inhumanus,

254 779 320 811 Cur
345 780 392 810 sic
417 789 526 811 manes
552 778 719 811 infidelis?
947 779 984 810 In
1020 777 1170 809 feminam
1205 777 1305 809 infers
1336 787 1458 817 manus,

255 826 377 857 Amhas
416 836 570 859 mammas
604 827 767 866 amputari
949 826 1026 857 Cum
1051 830 1085 856 tu
1112 835 1230 865 parvus
1250 834 1335 856 esses
1355 832 1459 863 natus,

303 874 370 905 Tuo
397 874 513 906 damno
538 875 743 914 praecepisti.
996 874 1086 912 Quod
1113 874 1145 904 in
1172 878 1274 905 matre
1300 874 1435 905 suxisti?

134 942 179 973 10
194 951 223 975 3.
257 940 419 973 Christum
446 951 556 973 mones
583 942 743 982 abnegare
827 942 870 974 10
886 940 916 972 b.
952 941 1050 980 Virgo
1077 941 1154 972 deos
1182 941 1314 980 respuit,

252 990 360 1028 Atque
387 990 448 1021 diis
475 989 668 1031 sacrificare,
947 989 1014 1020 Nec
1038 989 1126 1020 illam
1156 989 1310 1020 deterruit

299 1041 384 1076 Quos
411 1038 488 1069 colit
513 1038 688 1078 gentilitas.
996 1038 1173 1069 Poenarum
1201 1038 1372 1070 acerbitas,

130 1105 172 1138 11
191 1114 220 1136 a.
252 1105 289 1137 In
317 1110 440 1137 catasta
465 1105 662 1145 sublevatur,
827 1105 866 1138 11
886 1105 915 1137 b.
949 1105 1011 1136 Sed
1040 1110 1162 1145 perstat
1191 1105 1363 1136 immobilis

249 1152 293 1184 Et
319 1154 461 1185 mamilla
488 1155 650 1185 cruciatur
947 1153 1058 1186 Puella
1086 1153 1294 1193 praenobilis,

297 1202 505 1243 Amputanda
531 1203 679 1244 penitus;
994 1202 1157 1233 Roborata
1185 1203 1329 1235 caelitus.

128 1269 172 1301 12
187 1278 217 1301 a.
253 1269 347 1300 lubet
371 1269 459 1301 illam
488 1279 561 1301 mox
589 1270 714 1302 recludi
826 1271 868 1303 12
885 1269 915 1301 b.
950 1269 1013 1302 Sed
1040 1270 1122 1301 hanc
1151 1271 1264 1302 Petrus
1292 1270 1430 1301 visitavit

250 1318 293 1350 Et
319 1318 457 1349 ieiunam
487 1319 541 1350 diu
566 1319 654 1350 trudi
946 1319 988 1350 Et
1013 1319 1172 1349 mamillas
1201 1318 1393 1350 restauravit

297 1365 362 1398 Sub
388 1372 460 1398 arta
486 1367 652 1407 custodia3
998 1367 1090 1398 Visus
1117 1372 1209 1399 nocte
1237 1368 1353 1398 media.

128 1433 173 1466 13
189 1442 218 1465 a.
250 1433 452 1465 Medicamen
479 1439 510 1465 et
538 1434 680 1466 solamen
828 1436 868 1467 13
886 1434 914 1465 b.
949 1434 1012 1466 Sed
1038 1435 1170 1465 insanus
1193 1435 1382 1472 Quintianus

251 1481 398 1513 Christus
430 1483 506 1514 illae
546 1483 599 1514 dat
626 1483 764 1514 ancillae
947 1482 1092 1513 Necdum
1121 1483 1205 1513 cedit
1233 1488 1330 1522 atque
1359 1483 1461 1515 credit

298 1529 458 1561 Praesens
483 1532 514 1561 in
543 1531 707 1572 periculis,
995 1531 1055 1561 'I'ot
1084 1531 1160 1561 visis
1187 1531 1362 1563 miraculis.

128 1598 175 1629 14
189 1605 219 1628 3.
251 1596 366 1628 Testas
392 1601 488 1637 atque
514 1607 635 1637 prunas
661 1597 732 1629 dari
829 1599 867 1630 14
887 1598 915 1631 b.
948 1598 972 1629 Ο
1000 1606 1092 1636 quam
1121 1597 1191 1640 dire
1219 1598 1393 1638 cruciatur,

250 1645 343 1677 lubet
367 1654 405 1676 ac
431 1654 505 1676 mox
532 1646 669 1677 volutari
945 1646 1027 1677 Dum
1056 1645 1131 1676 hinc
1158 1646 1248 1676 testis
1275 1646 1425 1682 laniatur,

251 1692 356 1733 Super
379 1693 450 1724 istis
476 1698 507 1724 et
533 1694 671 1725 cremari
947 1695 1025 1725 Inde
1051 1693 1188 1724 flammis
1214 1695 1385 1734 ustulatur,

295 1741 391 1773 Nuda
417 1751 514 1774 carne
539 1743 705 1782 virginem.
994 1743 1456 1782 Piumspargenssanguinem!

124 1809 168 1841 15
185 1818 213 1843 a.
246 1808 317 1840 Non
345 1809 479 1841 intrabit
505 1811 625 1850 quippe
644 1810 757 1849 lucem,
822 1811 863 1843 15
880 1809 910 1844 b.
946 1811 1054 1850 Virgo,
1082 1809 1162 1841 bene
1189 1814 1223 1841 tu
1250 1811 1379 1842 certasti

244 1857 314 1889 Nisi
337 1858 502 1891 Christum
529 1859 619 1898 sequi
646 1859 759 1890 ducem
943 1859 984 1891 Et
1012 1867 1145 1898 agonem
1173 1860 1412 1897 consummasti,

242 1905 288 1938 Et
324 1911 397 1946 post
423 1916 494 1938 eum
520 1906 606 1938 ferre
633 1916 759 1941 crucem
945 1908 1021 1939 Esto
1049 1908 1190 1940 tandem.
1220 1908 1304 1947 quod
1325 1909 1457 1948 rogasti.

293 1955 384 1986 Totis
407 1960 498 1995 optet
525 1955 657 1988 viribus.
990 1956 1067 1988 Cum
1095 1957 1216 1988 sanctis
1241 1956 1420 1996 spiritibus.

119 2023 166 2055 16
180 2031 209 2054 a.
242 2021 451 2055 Gratulantes
476 2028 551 2055 tuae
576 2023 678 2062 laudi,
820 2024 863 2057 16
881 2024 910 2057 b.
944 2024 1002 2065 Tu,
1035 2025 1087 2064 qui
1116 2023 1260 2055 flammas
1288 2030 1457 2056 exurentes

242 2071 341 2110 virgo
367 2077 489 2108 sancta,
517 2082 574 2104 nos
599 2073 717 2104 exaudi
941 2075 1065 2105 Aetnae
1090 2073 1207 2104 montis
1232 2078 1263 2103 et
1288 2079 1458 2113 crepantes

290 2119 333 2152 Et
359 2121 391 2152 in
419 2121 512 2152 malis
538 2122 730 2153 constitutos
990 2121 1111 2153 Globos
1139 2122 1221 2161 ignis
1249 2123 1443 2161 repressisti,

291 2168 396 2201 Huius
423 2170 509 2201 vitae
535 2169 637 2202 redde
664 2174 750 2201 tutos
991 2171 1056 2202 Fac
1068 2179 1238 2201 noseorum
1249 2170 1376 2202 Christo
1388 2172 1457 2202 sisti

341 2218 402 2250 Per
427 2223 482 2250 tua
507 2218 669 2259 suffragia.
1040 2221 1113 2250 Post
1144 2219 1254 2249 mundi
1278 2218 1456 2259 naufragia.

73 2308 79 2317 ,
196 2282 319 2310 Colleet.
348 2293 400 2312 ms.
422 2284 610 2312 Victorinum
633 2293 710 2312 saec.
741 2281 801 2320 [13.
826 2282 883 2320 15.]
907 2283 950 2312 16.
974 2285 1045 2311 t‘od.
1069 2285 1188 2311 Parisiu
1213 2283 1247 2311 14
1258 2282 1323 2311 872.
1348 2301 1383 2305 —-
1404 2284 1456 2315 33,

111 2321 136 2350 Αξ’·
159 2325 188 2350 et
209 2322 376 2350 idolatriae.
394 2337 431 2342 —
455 2322 525 2356 133,
547 2321 565 2350 2
580 2323 717 2351 Christus
740 2332 819 2350 suae.
835 2339 867 2343 —
892 2322 960 2356 1612,
983 2322 1001 2350 2
1015 2323 1053 2350 Et
1069 2323 1139 2349 hinc
1156 2324 1274 2349 montis.
1305 2324 1458 2351 Verfasaer

111 2360 216 2389 dieser
236 2362 373 2398 Sequenz
395 2363 436 2390 ist
455 2362 610 2390 vielleicht
629 2361 682 2389 der
703 2361 790 2389 Prior
810 2361 1044 2390 Godefridus
1066 2371 1125 2388 von
1147 2362 1189 2388 st.
1213 2361 1323 2392 Victor.
1347 2364 1462 2390 woraut'

117 2400 194 2428 auch
215 2400 264 2428 die
289 2401 459 2438 beigefiigoe
480 2401 591 2430 Chiffre
620 2399 641 2429 (i
672 2401 727 2427 mit
753 2399 1098 2437 durchgesclilungenem
1131 2400 1153 2427 C
1179 2400 1227 2433 (=
1256 2403 1459 2435 eanonicusiq

115 2439 264 2467 hinweist.
292 2454 330 2460 —
359 2440 417 2468 Die
445 2439 589 2477 gekiirzoe
610 2439 697 2467 Form
719 2439 817 2466 dieser
838 2441 988 2476 Sequeuz:
1017 2439 1103 2466 Anal.
1126 2439 1227 2472 XLII,
1259 2440 1308 2467 Nr.
1335 2440 1397 2468 154.
1423 2456 1454 2459 —

114 2478 266 2506 Melodie:
292 2478 443 2506 Laudes
465 2480 603 2506 erucis.
