1655 2713
667 163 928 199 -129—

156 254 217 286 48.
247 252 441 286 Eustachius
467 260 517 288 est
543 265 684 303 vocatus,
822 261 886 294 4b.
916 262 1032 294 Mundi
1058 263 1182 295 relictis
1215 264 1329 304 opibus

248 300 301 333 Ab
325 301 423 334 idolis
450 309 618 338 revocatus
918 309 961 341 Et
989 310 1123 342 militum
1151 311 1324 344 honoribus

293 349 403 391 Elegit
427 353 547 385 mundo
572 355 724 395 temptari
965 358 1136 390 Transivit
1162 369 1232 391 cum
1259 359 1385 394 familia

294 399 324 429 A
351 397 543 440 delictisque
568 403 729 436 mundari.
965 406 1057 438 Mare
1082 416 1204 447 magna
1230 409 1369 442 miseria.

152 479 211 510 5a.
243 478 413 511 Tributum
444 481 571 514 solvere
597 485 718 524 nequit,
822 485 884 520 5b.
918 488 983 519 Leo
1010 489 1167 529 reliquum
1194 492 1334 531 rapiens,

246 525 360 558 Nautis
387 537 522 561 uxorem
549 532 720 572 relinquit;
917 535 1000 567 Fere
1025 542 1118 576 pater
1145 539 1331 582 insaniens3

243 573 331 606 Deus
358 580 467 608 tamen
493 587 557 610 non
583 580 714 621 reliquit
917 584 1004 615 Deus
1031 589 1138 618 tamen
1166 588 1355 620 custodiens

291 622 385 655 Hanc
410 633 544 658 servans
567 627 711 661 infamia.
965 632 1034 664 Hos
1060 634 1190 667 illaesos
1217 632 1264 680 [in
1292 636 1372 678 via]‚

244 670 315 703 Uno
341 672 454 704 relicto
481 673 548 706 filio
915 681 1071 712 Aratores
1098 687 1129 714 et
1156 690 1302 723 pastores

292 719 395 760 Super
421 721 525 761 ripam
551 722 690 755 fluminis
960 730 989 760 A
1020 730 1130 762 bestiis
1158 732 1298 772 rapiunt,

242 767 333 799 Hunc
358 769 445 808 rapit
470 770 565 810 lupus
591 771 716 811 subito;
910 776 1094 810 Edocentes
1122 779 1234 811 horum
1261 790 1366 812 mores

289 815 390 848 Dolor
415 818 518 857 patris
544 823 593 850 est
619 819 751 855 subolis,
961 825 1003 856 Et
1028 835 1144 867 pueros
1171 829 1327 861 nutriunt.

146 896 204 928 6a.
237 895 332 928 Pater
358 906 476 938 egenus
502 900 625 940 serviit,
814 904 876 938 eb.
908 905 1045 938 Barbari
1072 909 1297 948 imperatorem

239 945 426 985 Quindecim
454 956 554 980 annos
580 949 674 981 latuit
911 954 1142 995 Persequentes
1171 958 1255 989 ultra
1285 969 1427 1001 morem;

238 992 282 1024 Et
306 999 451 1027 armenta
476 997 630 1028 custodiit
911 1002 1069 1043 Plangens
1090 1004 1255 1037 Placidum
1290 1008 1451 1043 decorem.

288 1041 432 1074 Maestus
460 1048 581 1084 pastor.
957 1051 1060 1083 Huius
1087 1059 1246 1092 quaestor.

144 1117 204 1149 7a.
235 1117 330 1149 Missi
356 1119 476 1152 milites
502 1131 561 1161 pro
586 1122 660 1162 ipso
815 1126 877 1159 Tb.
910 1127 945 1158 In
972 1130 1110 1168 patriam
1138 1138 1363 1173 provocantes,

236 1165 421 1207 Indigentia
447 1169 494 1200 sic
520 1168 592 1206 fixo,
908 1175 988 1207 Eum
1016 1177 1134 1210 blande
1162 1181 1375 1224 consolantes,

235 1213 327 1246 Omni
355 1215 475 1249 honore
501 1217 642 1258 dimisso,
907 1224 1045 1257 Militiae
1072 1233 1259 1260 revocantes

287 1262 412 1296 Taliter
437 1266 628 1307 reperiunt·‚
955 1273 1117 1306 Barbaros
1144 1276 1300 1313 afficiunt,

523 1344 580 1376 Tc.
615 1345 814 1378 Eustachius
840 1354 918 1380 nutu
945 1350 1017 1393 Dei,

618 1394 708 1426 Uxor
736 1395 805 1427 eius
832 1399 863 1427 et
890 1396 948 1428 filii

619 1441 822 1482 Longissime
846 1445 999 1485 incogniti

669 1490 811 1522 Invicem
838 1501 872 1524 se
898 1496 1074 1534 reperiunt.

139 1560 200 1591 8a.
234 1562 417 1601 Imperator
441 1564 525 1596 hunc
551 1567 683 1606 cogebat
812 1570 875 1604 8b.
908 1572 1087 1606 Intromissi
1115 1585 1183 1608 cum
1210 1579 1310 1621 leone⁷

235 1609 338 1642 Idolis
365 1611 568 1652 sacrificare;
907 1621 972 1652 Leo
998 1631 1068 1654 cum
1097 1625 1267 1659 devotione

283 1658 345 1690 Ille
371 1668 447 1692 vero
473 1662 589 1698 renuit,
953 1670 1021 1702 Hos
1047 1672 1175 1706 illaesos
1203 1676 1320 1709 voluit:

281 1705 350 1738 Deo
376 1709 498 1740 servire
523 1710 645 1743 studuit
953 1718 1113 1753 Miraculo
1140 1725 1245 1762 patuit

328 1755 371 1787 Et
411 1755 563 1791 familiam
603 1769 744 1794 servare.
1002 1764 1439 1814 [Deumillosjpraeservare.

131 1830 190 1864 9a.
226 1831 355 1864 Exhinc
380 1833 413 1865 in
441 1833 553 1866 bovem
579 1845 712 1869 aeneum
803 1840 863 1876 9b,
899 1843 1012 1876 Vestes
1039 1850 1143 1879 tamen
1174 1854 1203 1880 et
1232 1860 1367 1892 corpora

228 1880 407 1913 Ardentem
437 1887 534 1924 atque
559 1883 738 1919 flammeum
896 1891 1006 1925 Inusta
1032 1901 1106 1927 sunt
1132 1901 1163 1929 et
1189 1908 1306 1943 opera;

276 1930 375 1961 Prece
401 1930 471 1963 Deo
505 1934 737 1975 supplicantes,
944 1941 1091 1982 Ipsorum
1118 1955 1215 1985 prece
1242 1956 1413 1988 precantes

273 1978 407 2011 Animas
433 1980 497 2020 ipsi
523 1982 708 2017 reddentes.
944 1991 1022 2023 Cum
1047 1994 1126 2033 ipsis
1145 1996 1243 2029 simus
1263 1999 1432 2035 laetantes.

181 2052 265 2080 Miss.
293 2054 489 2084 Gebennense
515 2058 585 2094 imp.
613 2060 774 2090 Gebennae
803 2061 885 2092 1498.
912 2066 946 2093 A.
968 2082 1004 2086 —
1032 2070 1116 2098 Miss.
1144 2073 1338 2104 Gebennense
1368 2079 1437 2114 imp.

102 2090 241 2127 Lugduni
266 2091 348 2120 1521.
370 2094 404 2122 Β.
426 2111 462 2115 -
484 2094 540 2129 213,
563 2096 575 2124 1
598 2098 640 2126 Es
654 2100 800 2129 Traianos
816 2104 875 2130 AB.
891 2119 927 2123 —-
949 2103 1006 2138 21»,
1028 2106 1046 2134 2
1060 2109 1142 2137 Tunc
1165 2112 1296 2147 placidas
1319 2117 1378 2144 AB.
1401 2133 1438 2138 —

101 2127 163 2162 5a,
190 2127 209 2158 3
236 2131 379 2168 relinquit
401 2134 435 2161 A.
457 2149 495 2153 —
515 2134 578 2168 6³,
610 2137 623 2164 1
654 2139 740 2166 Pater
769 2140 878 2177 degens
905 2144 966 2171 ΑΒ.
990 2161 1024 2165 —
1047 2146 1108 2181 6a,
1137 2149 1154 2177 2
1183 2152 1240 2178 Per
1267 2156 1436 2189 quindecim

101 2175 194 2196 annos
219 2169 277 2197 luit
297 2172 357 2199 AB.
380 2187 416 2191 —
437 2171 503 2208 611,
531 2173 549 2202 3
570 2176 720 2213 Plangens
744 2179 892 2215 placidam
914 2183 973 2211 AB.
997 2199 1033 2204 —
1059 2188 1118 2215 Der
1139 2191 1214 2217 Sinn
1234 2191 1286 2219 der
1307 2192 1434 2228 strophe

99 2207 139 2234 ist
159 2207 306 2238 offenbar:
331 2211 384 2238 Ale
404 2211 453 2240 die
468 2213 578 2241 Feinde
593 2215 650 2242 den
665 2217 774 2245 Kaiser
787 2219 970 2259 iibermassig
986 2223 1052 2252 hart
1067 2227 1258 2265 bedriingten,
1281 2232 1434 2264 iainmerte

98 2253 130 2272 er
158 2247 235 2274 nach
256 2248 424 2283 Placidius,
456 2251 508 2280 der
536 2253 639 2282 Zierde
669 2257 766 2283 seines
789 2257 916 2293 Beer-es,
944 2263 1003 2290 und
1033 2266 1132 2293 wurde
1160 2269 1223 2294 sein
1255 2261 1376 2300 Siiclier.
1400 2288 1435 2292 ——

97 2282 158 2317 73,
185 2283 204 2313 2
230 2287 265 2314 In
291 2288 431 2324 degentia
457 2292 497 2325 A;
524 2292 699 2329 Indegentia
725 2296 758 2322 B.
785 2311 823 2316 —
851 2296 916 2332 9a,
943 2299 960 2327 2
988 2305 1017 2329 et
1045 2304 1210 2333 flammeum
1238 2309 1271 2334 Α.
1299 2324 1335 2328 -
1368 2312 1436 2340 Wie

98 2323 301 2359 gedankenlos
328 2327 380 2356 der
399 2330 508 2366 Kopist
535 2331 581 2358 fur
608 2332 656 2360 die
679 2333 892 2373 Drucklegung
921 2339 972 2366 des
994 2341 1115 2370 Missale
1137 2345 1301 2379 arbeitete,
1330 2351 1432 2386 zeigeu

96 2370 126 2389 u.
158 2370 185 2390 a.
215 2363 263 2392 die
291 2366 383 2394 Vei-se
413 2369 514 2403 „Tunc
540 2370 674 2405 placidas
709 2370 739 2408 [l]
773 2381 818 2401 est
842 2377 982 2405 vocatus“
1011 2379 1085 2412 (2¹³,
1120 2380 1147 2413 2)
1175 2385 1233 2411 und
1265 2387 1432 2425 „Plangens

95 2400 241 2437 placidam
266 2401 302 2441 [ἕ]
329 2405 492 2435 decorem.“
533 2409 576 2437 Es
610 2410 675 2438 halt
695 2411 763 2439 sehr
784 2412 908 2448 schwer,
937 2417 984 2445 die
1005 2419 1098 2447 durch
1121 2421 1177 2449 den
1198 2424 1344 2460 Kopisten
1365 2437 1429 2456 ver-

97 2439 270 2470 schuldeten
283 2443 514 2483 Entstellungen
539 2457 595 2476 von
609 2449 666 2477 den
681 2449 733 2478 der
747 2450 882 2488 Sequenz
899 2459 1108 2494 urspriinglich
1124 2461 1216 2489 sehon
1231 2464 1429 2495 anhaftenden

96 2479 319 2511 Dunkelheiten
340 2493 378 2512 zu
398 2485 548 2515 scheiden.

153 2530 284 2561 Blumo,
302 2533 470 2564 Sequentia
487 2537 624 2562 Ineditae.
656 2539 705 2562 IX.
1237 2550 1254 2578 9
