1655 2713
275 271 333 303 8a.

257 662 337 694 103.

253 856 334 889 113.

254 1230 295 1262 13
308 1240 334 1261 a.

255 1415 335 1447 143.

254 1600 336 1631 153.

254 1784 335 1817 163.

245 2018 328 2050 173.

245 2204 327 2236 183.

778 168 1038 204 -318—

365 270 551 301 Moderator
576 274 620 300 est
649 267 768 308 ovibus,

369 318 469 349 Verus
495 323 598 348 custos
626 316 683 346 Dei
710 314 826 354 gregis,

415 366 530 397 Curam
557 372 668 404 gerens
695 363 818 396 ovium:

370 466 438 497 Non
467 466 566 496 elatus
591 465 622 495 in
649 464 768 495 bonore

370 513 483 544 Curam
510 521 622 551 gerens
649 512 680 542 in
706 512 840 549 timore;

418 560 510 591 Plebs
538 559 673 590 miratur
699 559 853 591 Biturica.

370 661 481 692 Servat
509 660 638 691 claustri
658 660 708 690 bic
729 660 875 699 rigorem,

374 708 424 739 Nil
453 708 584 739 retraxit
612 708 651 739 ob
678 708 827 739 honorem

418 756 503 787 Sicut
527 756 558 786 in
584 755 797 787 observantia.

366 855 454 886 lubet
476 864 590 895 corpus
610 856 681 886 binc
696 855 874 897 transferri,

370 903 445 935 Cum
472 902 624 934 fratribus
651 904 780 943 sepeliri

417 951 458 982 Et
485 960 546 981 nou
572 952 603 982 in
630 951 689 982 hac
715 952 860 983 ecclesia.

331 1069 338 1076 .
370 1045 464 1076 Plebs
482 1050 585 1076 amata
600 1046 697 1076 intrat
713 1047 876 1085 templum,

372 1093 562 1123 Remoratur
586 1093 675 1124 iuxta
705 1093 829 1125 bustum

418 1140 459 1170 Et
485 1149 553 1170 cum
581 1144 651 1171 arta
678 1142 832 1175 custodia.

369 1230 476 1261 Omnis
504 1239 596 1261 sexus
622 1231 722 1261 omnis
748 1236 846 1269 aetaS,

365 1277 483 1316 Quibus
506 1278 587 1308 inest
614 1279 779 1310 maturitas

414 1325 515 1356 Audit
550 1330 682 1356 mortem
708 1327 871 1361 antistitis.

369 1415 409 1446 Et
436 1419 466 1446 in
493 1416 580 1446 cunis
608 1417 768 1456 vagientes

372 1462 493 1493 Matres
521 1463 699 1503 relinquunt
728 1464 866 1497 infantes

417 1510 497 1541 Tota
524 1511 621 1542 currit
649 1512 774 1553 vicinia,

368 1600 449 1631 Dum
481 1602 626 1632 convenit
652 1606 736 1634 totus
760 1604 874 1643 clerus,

371 1647 491 1679 Globus
518 1649 597 1688 ignis
625 1654 670 1680 est
698 1651 853 1682 demissus

416 1696 521 1727 Instar
534 1697 646 1728 stellae
661 1700 855 1730 coruscantis
867 1711 874 1739 3

367 1786 425 1816 Est
452 1787 586 1826 leprosis
613 1790 730 1820 munda
754 1790 846 1825 cutis,

364 1833 499 1865 Gressus
508 1840 610 1866 rectos
618 1836 743 1867 confert
753 1838 874 1870 claudis

362 1880 404 1911 Et
431 1882 572 1913 auditum
598 1884 704 1915 reddit
730 1885 844 1926 surdis,

410 1928 598 1970 Effugantur
626 1931 811 1971 daemonia3

361 2018 386 2050 O
413 2018 600 2060 Guillelme,
635 2022 711 2053 cleri
738 2032 870 2063 gemma,

363 2066 439 2098 Cum
455 2069 634 2107 praesulum
649 2070 741 2102 turba
753 2081 872 2104 summa

411 2115 446 2145 ln
475 2115 522 2146 his
549 2125 642 2148 serva
664 2119 870 2161 temporibus,

359 2204 440 2236 Dum
466 2206 603 2238 volvitur
628 2209 738 2240 mundi
765 2214 846 2252 rota,

362 2252 450 2285 Mala
476 2259 624 2293 premunt
650 2257 784 2298 insueta,

409 2301 505 2333 Nulla
532 2303 616 2335 vitae
642 2305 811 2346 stabilitas,

959 265 1021 299 8b.

963 462 1028 496 91).

939 658 1024 692 101).

940 856 1022 889 111).

940 1047 1023 1079 121).

940 1233 1024 1265 131).

941 1420 982 1450 14
996 1419 1024 1450 b.

937 1605 1022 1637 151).

936 1791 1020 1826 161).

934 2026 1018 2059 171).

933 2213 1018 2246 181).

1052 265 1113 297 Est
1138 264 1171 296 in
1196 266 1297 296 sacris
1323 264 1503 305 exauditus,

1055 312 1232 344 Sanctitate
1257 312 1447 344 sublimatus

1104 361 1166 392 Pro
1191 361 1294 392 salute
1319 361 1469 403 omnium,

1062 463 1098 493 In
1126 462 1243 494 divinis
1269 466 1354 494 totus
1381 466 1503 502 raptus,

1060 510 1187 541 Vultum
1214 510 1275 541 Dei
1303 509 1538 549 contemplatus

1105 557 1197 589 Dona
1223 556 1347 589 confert
1374 557 1520 598 pacifica.

1057 659 1193 691 Cilicina
1219 662 1306 690 veste
1332 662 1434 690 tectus

1057 707 1160 746 Super
1186 715 1311 738 carnem
1339 707 1473 738 amictus

1106 755 1190 786 vivit
1216 756 1247 786 in
1275 755 1481 795 parcimonia.

1055 856 1122 887 Nec
1146 865 1164 887 a
1190 857 1255 888 suis
1283 857 1349 887 vult
1375 856 1499 895 abesse,

1056 903 1117 935 Sed
1156 913 1224 936 cum
1256 905 1320 935 illis
1347 913 1474 943 semper
1499 913 1569 936 esse

1106 952 1144 983 In
1170 959 1300 983 aeterna
1327 949 1519 996 [memoria].

1055 1048 1100 1078 At
1126 1048 1272 1079 monachi
1299 1049 1498 1087 accedentes,

1059 1096 1250 1134 contingere
1276 1105 1337 1127 non
1364 1097 1530 1136 audentes,

1106 1143 1231 1174 Cedunt
1266 1153 1334 1174 cum
1363 1145 1567 1176 verecundia.

1058 1234 1156 1265 Fama
1183 1234 1270 1265 volat
1297 1235 1541 1274 circumquaque

1058 1281 1152 1312 Parte
1178 1281 1279 1313 fluens
1306 1291 1344 1313 ex
1370 1287 1504 1322 utraque

1103 1330 1164 1360 Per
1188 1329 1313 1368 plateas
1340 1330 1491 1362 civitatis.

1056 1420 1107 1451 Ad
1135 1421 1288 1451 tumulum
1316 1425 1537 1462 properantes,

1057 1467 1172 1498 Manus
1198 1469 1297 1507 pedes
1323 1469 1502 1500 osculantes

1105 1516 1182 1548 Cum
1210 1526 1322 1556 magna
1349 1517 1538 1549 reverentia.

1054 1607 1142 1638 Hora
1168 1606 1235 1638 fere
1263 1608 1394 1640 dimidia

1054 1654 1140 1685 Luce
1166 1655 1315 1694 perfusus
1340 1657 1438 1688 nimia

1102 1703 1245 1742 Percipit
1279 1704 1340 1734 vim
1371 1705 1564 1738 sanctitatis.

1053 1793 1247 1834 Hydropisis
1275 1797 1491 1838 propulsatur,

1050 1842 1214 1882 Paralysis
1241 1853 1313 1875 mox
1340 1851 1480 1887 curatur,

1049 1889 1093 1920 Et
1120 1889 1236 1921 debilis
1263 1892 1450 1932 sospitatur,

1099 1936 1260 1970 Sanantur
1284 1940 1450 1972 animalia.

1049 2027 1133 2058 Dum
1160 2028 1325 2062 blanditur
1350 2034 1560 2076 prosperitas,

1051 2075 1099 2106 Ne
1134 2086 1190 2108 nos
1217 2076 1345 2118 frangat
1370 2080 1563 2121 adversitas,

1099 2125 1135 2155 ln
1170 2124 1219 2156 his
1246 2127 1344 2158 tantis
1369 2128 1562 2162 turbinibus.

1049 2215 1188 2256 Tempus
1216 2218 1299 2249 vitae
1326 2220 1544 2264 constitutum,

1052 2263 1153 2295 Nobis
1180 2265 1274 2297 detur
1299 2271 1371 2306 post
1390 2270 1561 2303 terminum

1099 2311 1299 2352 Sempiterna
1329 2314 1476 2350 felicitas.

317 2390 437 2419 Collect.
467 2402 518 2419 ins.
542 2394 724 2422 Victorinum
758 2405 833 2425 saec.
855 2396 912 2433 [13.
937 2398 992 2436 15.]
1016 2400 1056 2428 16.
1080 2402 1149 2430 Cod.
1171 2404 1299 2432 Parisin.
1322 2405 1427 2435 14872.
1450 2425 1486 2428 —
1510 2412 1567 2439 Mit

241 2427 291 2454 der
313 2428 419 2456 Cbiffre
440 2430 490 2458 des
515 2432 636 2460 Auctors
659 2435 717 2461 und
739 2435 790 2462 der
810 2437 987 2466 Jahreszahl
1010 2439 1093 2468 1575.
1114 2436 1151 2460 4
1176 2441 1248 2474 1621.
1280 2444 1292 2472 1
1315 2445 1362 2473 Et.
1385 2461 1422 2465 —
1446 2446 1520 2482 lGa,
1547 2449 1566 2478 3

245 2467 325 2494 redit.
350 2482 382 2486 ——
405 2469 461 2495 Die
483 2470 699 2508 Umarbeitung·
720 2470 816 2502 dieser
837 2476 970 2513 Sequenz
992 2479 1032 2505 im
1054 2479 1124 2507 Cod.
1147 2481 1278 2510 Classen.
1300 2483 1357 2513 360
1379 2485 1485 2515 lautet:
