1655 2713
723 153 960 188 ..24-

209 243 267 274 3a.
305 244 428 277 Scholis
452 253 488 277 ut
512 249 694 289 apponitur,
894 251 956 285 3b.
990 252 1134 285 Daemon
1159 255 1271 296 prodit
1291 257 1464 298 pessimus,

303 292 462 325 Virtutum
489 294 628 328 efficitur
988 301 1078 340 Quod
1106 307 1217 342 pastor
1242 304 1464 338 sanctissimus

351 341 496 374 Lucerna
524 343 698 387 Saxoniae;
1033 349 1168 382 Sanctus
1194 350 1230 382 fit
1256 351 1440 386 Bohemiae.

208 416 268 446 4a.
305 417 331 448 O
358 417 469 450 beatus
495 420 651 461 pontifex,
892 425 956 460 4b.
991 427 1110 458 Romae
1138 428 1171 459 in
1197 430 1374 462 monastica

303 464 401 502 Quem
427 476 582 507 supernus
608 469 726 502 artifex
987 475 1059 506 Vita
1086 477 1154 507 laus
1181 477 1316 510 mirifica

350 514 468 545 Astans
493 525 602 548 somno
628 519 761 550 suscitat
1034 523 1111 554 Visu
1139 525 1260 556 caelum
1287 527 1402 568 patuit,

350 560 392 591 Et
416 571 450 592 se
476 564 571 595 vendi
598 565 750 599 clamitat.
1033 571 1101 603 Vox
1128 573 1230 604 dulcis
1256 574 1404 608 intonuit.

206 637 264 668 5a.
304 636 411 676 Lapsu
425 641 528 670 actum
544 649 599 672 vas
611 641 807 675 confractum
892 645 952 679 5b.
990 648 1170 687 Imperator
1195 649 1229 681 fit
1255 656 1382 683 amator

300 684 378 715 Cum
405 685 529 718 sincero
554 688 637 720 levat
663 699 750 722 mero
984 695 1092 727 Sancti
1118 697 1189 735 viri,
1217 699 1340 731 erudiri

345 733 383 764 ln
408 734 495 765 nullo
523 735 709 775 deperditis.
1031 744 1102 776 Suis
1129 750 1236 777 suetus
1262 747 1404 782 monitis.

201 807 260 838 6a.
294 808 472 841 Adalberte
497 812 560 853 pie,
586 822 644 852 per
669 819 700 845 te
885 818 945 852 6b.
982 820 1102 860 Culpae
1128 822 1196 853 iure
1223 824 1397 856 moriturae

299 855 448 896 Languor
472 859 568 897 cedit,
596 866 697 900 paret,
725 864 791 895 edit
978 867 1023 898 Te
1049 870 1217 912 impendis,
1247 873 1321 903 dum
1348 873 1492 906 intendis

344 905 457 943 Ignara
483 910 658 946 septennio.
1025 916 1097 948 lrae
1123 922 1153 948 et
1180 921 1346 959 martyrio.

203 977 260 1008 7a.
297 978 392 1011 Caelo
419 981 514 1013 decus
541 984 733 1017 destinatum
887 991 947 1025 7b.
983 991 1118 1032 Gregem
1153 996 1241 1034 sequi
1269 1000 1300 1027 te
1326 998 1487 1029 nolentem

295 1027 383 1057 Auro
409 1028 486 1068 legis
511 1037 673 1063 exaratum
980 1039 1490 1086 Linquis,Hungarorumgentem

343 1074 450 1107 Munis
477 1077 545 1115 tibi,
573 1082 698 1120 egregia
1025 1088 1127 1119 Vocas
1154 1090 1194 1121 ab
1220 1092 1372 1124 idolatria

342 1122 431 1160 Quod
446 1130 586 1162 praestat
597 1137 710 1166 sponsa
721 1128 797 1162 filia.
1024 1136 1155 1168 Sclavos
1182 1147 1250 1169 cum
1280 1140 1425 1174 Polonia.

201 1195 258 1228 Sa.
295 1196 426 1229 Transis
443 1201 571 1232 tandem
589 1203 620 1233 in
641 1204 798 1237 Prussiam
882 1209 933 1241 8b
967 1211 993 1242 Ο
1020 1216 1163 1252 patrone,
1191 1224 1209 1245 o
1237 1215 1383 1256 benigne,

298 1243 401 1277 Verbo
427 1256 543 1285 parans
570 1250 630 1280 Dei
657 1252 748 1291 viam,
975 1259 1231 1294 ThronoChristi
1244 1272 1374 1296 consors
1386 1267 1483 1307 digne

342 1292 403 1325 Ubi
429 1300 529 1325 morte
555 1297 638 1328 laeta
664 1304 750 1331 sorte
1021 1307 1066 1337 Te
1076 1311 1483 1354 precantesnaufragantes

383 1341 640 1376 Crucemfundas
652 1355 793 1387 corpore.
1068 1356 1163 1388 Salva
1197 1360 1307 1390 mundi
1333 1370 1483 1401 aequore.

568 1425 599 1453 9.
640 1423 741 1454 Amen
768 1425 873 1457 dicant
900 1430 1015 1461 omnia.

244 1490 326 1516 Miss.
354 1501 406 1518 ms.
429 1493 576 1529 Pragense
599 1504 673 1523 saec.
698 1496 740 1525 14.
762 1500 832 1526 Cod.
853 1502 927 1529 Mus.
949 1504 1068 1532 Bohem.
1090 1507 1163 1534 XIII
1184 1509 1209 1536 E
1231 1507 1258 1537 8.
1280 1511 1313 1537 Α.
1337 1527 1371 1530 -
1392 1514 1477 1541 Miss.

169 1535 220 1552 ms.
249 1527 477 1565 Vissegradense
505 1541 580 1560 saec.
614 1533 655 1561 15.
684 1536 753 1563 eod.
781 1538 875 1574 Capit.
904 1541 1109 1576 Vissegraden.
1132 1547 1158 1571 V
1180 1548 1202 1574 B
1232 1557 1255 1581 η,
1279 1550 1311 1576 Β.
1334 1565 1370 1569 -
1392 1553 1477 1579 Miss.

167 1573 220 1590 ms,
235 1565 374 1594 Nisseuse
396 1577 470 1595 saec.
496 1569 537 1597 15.
553 1571 622 1598 Cod.
639 1573 858 1604 wratislavieu.
879 1579 893 1605 1
914 1580 937 1605 F
957 1578 1022 1607 357.
1038 1584 1068 1609 C.
1085 1597 1120 1601 —
1135 1584 1223 1613 Grad.
1241 1596 1292 1614 ms.
1308 1588 1474 1618 Praedicat-

167 1603 406 1632 Cracoviensium
421 1616 496 1634 saec.
521 1607 591 1636 ¹5lis.
614 1611 682 1638 Cod.
707 1614 866 1642 Praedicat.
889 1618 1059 1647 Cracovieu.
1080 1631 1101 1647 s.
1124 1631 1151 1649 n.
1173 1624 1207 1651 D.
1231 1640 1267 1643 —
1284 1625 1313 1658 1,
1341 1626 1359 1655 3
1382 1629 1477 1656 Bobe-

165 1649 277 1668 morum
298 1644 393 1679 gloria
413 1646 446 1672 C.
464 1660 495 1664 —
517 1644 570 1679 3b.
593 1646 610 1674 3
631 1649 737 1677 Factus
759 1652 789 1679 C.
806 1668 841 1672 —
862 1654 912 1686 4a.
935 1655 952 1683 3
974 1655 1119 1687 commus
1141 1662 1163 1689 C
1195 1677 1232 1682 —
1252 1663 1304 1697 4³,
1326 1663 1345 1693 3
1365 1669 1478 1695 excitat

165 1679 199 1704 A.
220 1694 256 1697 —
278 1680 333 1713 6³,
361 1680 378 1709 3
400 1685 522 1718 sepimio
544 1686 575 1712 B.
598 1701 633 1705 —
656 1686 716 1721 61),
745 1687 762 1716 3
782 1692 861 1719 Reae
883 1695 940 1721 AB.
964 1710 999 1714 —
1021 1695 1077 1729 Sa,
1099 1698 1116 1726 3
1139 1700 1197 1728 Ubi
1219 1704 1375 1731 mercelica
1394 1710 1474 1734 sorte

165 1717 197 1743 B.
220 1734 255 1737 —
277 1718 327 1751 81),
351 1718 368 1746 2
388 1730 507 1749 consors
529 1723 601 1750 fehlt
622 1726 653 1751 B.
677 1742 708 1745 --
734 1725 789 1761 8b,
811 1727 829 1756 3
850 1737 1000 1766 precantes
1023 1738 1197 1773 navigantes
1217 1742 1250 1767 A.
1272 1756 1309 1760 —
1330 1744 1474 1773 Melodie:

164 1755 269 1783 Mane
295 1759 413 1792 prima
441 1761 600 1789 sabbati.
624 1778 659 1782 —
679 1765 736 1792 Die
758 1767 906 1796 Collation
926 1781 985 1798 von
1006 1774 1033 1800 D
1055 1776 1093 1801 ist
1113 1777 1287 1806 fibersehen.

612 1885 651 1916 17.
693 1887 734 1917 De
756 1890 864 1920 sancto
886 1892 1025 1929 Aegidio.

163 1948 220 1979 la.
256 1949 340 1980 Laus
366 1951 489 1983 Mariae
514 1952 580 1985 filio
849 1961 909 1997 lb,
943 1965 1001 2004 Qui
1028 1967 1179 2001 virtutum
1207 1974 1298 2006 radio

255 1997 290 2027 In
317 2004 409 2038 patre
434 2001 580 2043 Aegidi0‚
942 2011 1095 2051 Splendet
1122 2018 1154 2048 in
1181 2020 1323 2060 tripudio

303 2045 449 2079 Glorioso
475 2048 668 2093 confessore,
991 2064 1185 2102 Angelorum
1212 2069 1244 2100 in
1271 2071 1398 2107 decore.

161 2121 218 2152 2a.
255 2120 420 2160 Splendet,
436 2125 575 2167 inquam,
591 2136 660 2159 cum
671 2129 786 2162 decore
846 2133 908 2168 2b.
943 2135 1086 2171 Fervens
1112 2142 1262 2177 virtutum
1289 2149 1418 2191 ardore,

254 2169 347 2208 Quasi
376 2170 542 2212 Seraphim
568 2176 685 2208 ardore
942 2184 1103 2219 Christum
1119 2192 1226 2231 corde,
1242 2195 1405 2231 Christum
1419 2209 1476 2233 ore

321 2217 382 2249 Dei
408 2217 536 2253 fervens
561 2223 696 2264 plenius,
989 2233 1088 2266 Sonat
1111 2237 1337 2278 abundantius.

157 2294 216 2326 3a.
251 2293 347 2326 Sonat
374 2300 474 2328 semet
499 2298 698 2343 abnegando,
844 2307 907 2342 3b.
943 2309 1042 2342 Sonat
1067 2314 1165 2354 signis
1192 2324 1402 2366 coruscando,

250 2342 382 2376 Crucem
409 2354 497 2377 suam
524 2347 708 2390 baiulando,
938 2357 1098 2393 Sanitates
1124 2368 1300 2409 operando,

249 2389 444 2424 Salvatorem
472 2394 641 2437 imitando,
939 2405 1123 2442 Tribulatos
1149 2412 1318 2450 liberando

295 2439 516 2480 Relinquendo
542 2446 667 2489 omnia3
987 2455 1049 2488 Per
1073 2461 1187 2501 terras,
1212 2472 1272 2503 per
1296 2469 1408 2501 maria.
