1655 2713
707 145 969 180 —162—

203 255 263 288 4a.
296 253 356 285 Hic
373 258 509 284 vernans
530 257 601 280 rosa
619 249 806 286 martyrum,
889 241 951 275 4b.
984 241 1058 273 Iesu
1084 238 1207 277 dulcis,
1243 236 1299 278 qui
1325 234 1498 268 Iohannem

298 301 399 333 lilium
426 298 595 338 virginum,
987 287 1131 320 dilexisti
1156 294 1247 327 vere,

300 358 359 381 vox
386 346 540 379 altissima
986 340 1021 368 tu
1046 334 1148 375 nobis,
1171 334 1274 367 victor

347 392 610 435 praedicantium.
1033 391 1100 422 rex,
1127 382 1289 414 miserere.

258 492 338 518 Miss.
371 498 422 515 ms.
454 488 617 514 Romanum
650 492 725 510 saec.
758 481 802 509 15.
836 480 907 508 Cod.
938 479 1066 506 Parisin.
1097 475 1162 505 851.
1196 476 1230 503 A.
1262 489 1298 494 —
1329 475 1412 502 Miss.
1445 480 1500 499 ms,

185 527 561 557 mammeam-Romanum
586 531 661 550 saec.
681 520 724 548 15.
747 520 815 547 cod.
838 519 958 546 Parisin
979 515 1062 544 9445.
1085 517 1117 544 B.
1138 530 1175 534 -
1195 515 1278 542 Miss.
1301 522 1344 540 ms
1364 512 1500 540 Francis-

181 568 433 595 cano-Romanum
457 572 533 590 saec.
557 561 601 589 15.
623 560 693 588 Cod.
715 557 883 586 Bruxellen.
908 554 943 583 15
953 554 1019 583 074.
1041 556 1072 582 C.
1094 552 1200 585 —2a,
1221 550 1239 580 3
1260 551 1422 580 reconcilia
1445 549 1500 576 tibi

180 608 211 634 B.
234 619 271 624 —-
291 603 343 635 2b.
366 602 379 629 1
403 606 431 629 et
452 603 514 628 vita
535 600 702 627 ,Iohannem
724 598 807 625 ABC.
830 609 866 614 -
887 593 941 627 2b,
963 592 981 620 2
1001 603 1052 630 per
1072 596 1204 620 mortuos
1224 595 1337 618 vestem
1357 589 1442 617 ABC.
1463 602 1502 606 —

179 643 234 675 3b,
257 643 274 670 :5
295 644 319 669 is
341 645 434 669 mater
456 639 539 667 ABC.
561 653 592 658 —
614 637 754 664 Melodie:
777 635 964 662 Victimae
990 631 1181 668 paschali.

551 780 609 811 175.
652 777 693 808 De
715 785 739 807 s.
761 775 898 807 Iohanne
920 772 1138 813 Evangelista.

208 874 265 907 la.
297 872 396 904 Verbi
422 879 495 901 vere
522 867 713 900 substantivi
896 863 957 896 lb.
991 864 1025 895 In
1053 862 1192 895 aeternis
1218 860 1351 892 verbum
1377 857 1470 890 annis

302 920 396 957 Caro,
425 928 493 949 cum
520 917 560 948 sit
587 917 619 947 in
650 913 766 946 declivi
987 911 1179 942 Permanere
1205 918 1262 941 nos
1288 906 1442 940 lobannis

349 966 516 1006 Temporis
542 963 698 1004 angustia,
1038 959 1140 990 Docet
1163 956 1334 996 theologia.

208 1065 266 1096 2a.
298 1063 381 1094 Dum
406 1060 552 1100 magistri
578 1067 674 1098 super
699 1060 811 1097 pectus
896 1055 958 1088 2b.
991 1054 1088 1085 Fiunt
1114 1054 1185 1093 ipso
1211 1052 1275 1083 situ
1300 1051 1362 1082 loci

303 1110 437 1141 Fontem
464 1108 568 1139 haurit
596 1106 779 1137 intellectus
991 1102 1099 1133 Verbo
1124 1100 1205 1132 fides
1231 1099 1317 1131 auris
1344 1098 1423 1135 voci.r

350 1158 391 1189 Et
419 1156 583 1188 doctrinae
610 1153 751 1193 flumina,
1042 1149 1135 1181 Meus
1162 1148 1230 1180 Deo
1258 1145 1467 1179 contermina.

209 1247 269 1278 3a.
299 1244 393 1276 Unde
426 1242 541 1274 mentis
574 1249 632 1280 per
665 1247 813 1270 excessus
897 1236 961 1269 3b.
993 1235 1112 1267 Contra
1138 1235 1206 1266 veri
1233 1234 1309 1265 solis
1334 1233 1440 1264 lumen

303 1291 416 1325 Carnis
454 1298 563 1321 sensus
589 1295 812 1327 supergressus
993 1283 1104 1316 Visum
1130 1282 1236 1314 cordis
1263 1285 1293 1312 et
1320 1288 1452 1312 acumen

353 1339 572 1376 Errorumque
596 1334 705 1366 nubila
1042 1331 1131 1370 Figit
1157 1330 1244 1362 velut
1270 1329 1389 1368 aquila.

212 1428 271 1457 4a.
302 1424 407 1456 Hebet
432 1431 542 1454 sensus
568 1429 676 1452 exsors
701 1419 777 1457 stili,
899 1417 963 1450 4b.
994 1416 1043 1448 Ne
1070 1417 1110 1448 de
1136 1415 1235 1447 verbo
1261 1414 1394 1446 salutari

306 1472 385 1503 Stilo
412 1470 523 1502 scribit
549 1473 613 1500 tam
633 1467 752 1506 subtili,
995 1465 1099 1497 Possit
1126 1464 1298 1503 quidquam
1324 1460 1482 1501 refragari

352 1519 433 1550 Fide
457 1522 523 1549 tam
551 1516 717 1555 catholica,
1043 1512 1191 1545 Pravitas
1217 1510 1389 1543 haeretica.

209 1609 269 1639 5a.
301 1601 815 1643 Verbum.quodnonpotestdici,
901 1598 962 1633 5b.
999 1600 1065 1630 Iste
1092 1598 1171 1630 dicit
1196 1597 1236 1629 ab
1262 1596 1385 1628 aeterni

303 1653 393 1693 Quod
420 1653 537 1683 virtute
564 1649 711 1681 creatrici
996 1647 1103 1679 Patris
1128 1655 1213 1679 nexu
1238 1654 1301 1677 non
1326 1644 1461 1685 secerni,

355 1700 476 1732 Cuncta
502 1697 579 1729 fecit
605 1697 699 1729 valde
722 1696 814 1737 bona,
1044 1694 1115 1726 Nisi
1149 1698 1273 1726 tantum
1298 1693 1332 1724 in
1358 1701 1506 1732 persona.

213 1794 272 1825 62.
303 1791 402 1829 Quem
417 1790 599 1822 Matthaeus
619 1789 659 1820 de
672 1788 811 1819 intactae
898 1786 960 1820 6b.
993 1786 1091 1825 Quem
1126 1786 1248 1817 exaltat
1284 1793 1382 1825 super
1412 1791 1509 1816 cruce

306 1838 422 1870 Matris
450 1837 508 1869 alit
534 1841 621 1868 casto
648 1836 731 1868 lacte
995 1834 1103 1866 Cornu
1127 1834 1238 1873 bovis,
1270 1842 1376 1873 penna
1402 1833 1510 1865 Lucae

352 1886 429 1918 Cum
458 1885 568 1916 labore
594 1888 625 1915 et
650 1892 812 1925 aerumna,
1046 1882 1089 1915 Ut
1106 1886 1289 1921 serpentem
1303 1881 1335 1912 in
1350 1880 1508 1918 columna,

217 1978 275 2010 7a.
307 1977 405 2015 Quem
433 1976 473 2007 de
496 1975 607 2006 mortis
634 1974 794 2006 mausoleo
901 1973 962 2007 7b.
994 1973 1090 2005 Hunc
1117 1973 1157 2004 de
1175 1972 1245 2004 Deo
1264 1972 1366 2004 Deum
1388 1981 1509 2013 verum,

308 2024 401 2056 Vitae
428 2023 535 2055 reddit
561 2023 665 2054 Marci
690 2022 740 2053 leo
994 2021 1102 2060 Alpha
1129 2025 1161 2052 et
1179 2021 1216 2061 O7
1244 2024 1368 2060 patrem
1391 2029 1510 2058 rerum,

355 2071 470 2103 Scissis
487 2071 599 2110 petris,
617 2074 705 2102 terra
717 2074 813 2109 mota,
1041 2069 1161 2100 Sollers
1187 2068 1298 2100 scribit
1325 2069 1438 2101 idiota.

214 2164 273 2196 Sa.
305 2163 401 2195 Cuius
428 2162 534 2193 lumen
560 2161 692 2202 visuale,
904 2159 964 2193 8b.
997 2159 1076 2192 Sunt
1103 2160 1135 2191 in
1163 2160 1251 2192 caelo
1277 2160 1347 2192 visa
1373 2160 1473 2201 prius,

309 2211 426 2244 Vultus
453 2218 589 2250 anceps,
624 2209 710 2241 leves
736 2209 816 2249 alae,
998 2208 1098 2246 Quam
1123 2208 1177 2239 hic
1202 2212 1286 2239 esset
1313 2208 1364 2240 vel
1389 2208 1477 2240 illius

357 2259 460 2291 Rotae
477 2261 598 2290 stantes
615 2257 647 2288 in
662 2257 818 2297 quadriga
1045 2256 1183 2288 Formae
1201 2264 1304 2296 capax
1322 2256 1374 2288 vel
1387 2257 1511 2297 auriga.

219 2353 279 2384 9a.
310 2350 364 2383 Illi
391 2349 535 2382 scribunt
562 2348 725 2381 Christum
751 2347 819 2388 pati
904 2323 966 2382 eb.
997 2347 1060 2380 Hic
1086 2347 1232 2379 sublimis
1258 2351 1366 2380 tractu
1388 2357 1513 2388 pennae

310 2399 430 2440 Zelum,
459 2398 534 2430 inde
560 2398 624 2429 vim
651 2396 747 2428 Pilati
999 2395 1133 2428 Tractat
1150 2395 1272 2429 Christi
1297 2396 1346 2428 ius
1371 2405 1513 2437 perenne

358 2447 436 2480 Cum
464 2455 581 2478 corona
605 2445 735 2486 spinea3
1051 2443 1129 2477 Cum
1153 2443 1262 2476 ultrici
1289 2443 1424 2479 framea.
