1655 2713
219 264 262 296 23
272 272 300 297 a.

217 485 261 517 24
271 493 300 516 a.

216 706 258 737 25
270 714 299 736 a.

218 924 262 956 26
273 933 300 955 a.

217 1142 258 1173 27
270 1151 298 1174 a.

214 1398 295 1431 2821.

210 1657 252 1687 29
264 1664 292 1687 a.

215 1874 296 1907 3oa.

744 166 1007 202 —332—

333 265 370 296 In
397 263 545 304 precibus
571 264 735 304 vigilabat,

335 313 432 344 Fame
459 321 573 352 corpus
599 312 758 344 atterebat

335 360 377 392 Et
405 359 538 392 feminas
564 361 715 399 evitabat,

336 409 431 447 Quasi
457 412 578 448 pestem
606 407 757 449 fugiebat.

332 485 496 523 Quondam
521 490 634 517 nautae
653 485 840 517 fluctuantes

335 530 425 565 Inter
450 532 599 564 fluctuum
627 534 781 574 turbines,

337 581 507 613 Saevitiam
535 582 693 620 patientes

383 627 622 669 Naufragantur
647 630 677 660 in
705 629 836 670 pelago,

332 705 528 736 inundantes
555 705 653 737 fluunt
681 715 791 746 aquae,

332 752 373 783 Et
401 753 565 792 phaselum
584 754 710 793 pulsant
730 754 844 794 undae,

335 800 564 839 Propelluutur
589 802 728 840 aliunde,

385 848 618 881 Circumfertur
631 850 716 880 omni
731 854 841 889 vent0;

334 924 455 956 Cuncta
478 929 608 956 mortem
627 926 840 965 intentabant,

335 972 439 1003 Vitam
465 977 566 1003 morte
594 974 839 1016 commutabant,

332 1020 502 1050 Ancborae
530 1020 731 1058 deficiebant,

379 1067 612 1107 Exspectantes
622 1067 820 1108 naufragium
832 1081 838 1108 ;

331 1142 547 1174 Intumescunt
573 1142 685 1174 fluctus
712 1146 819 1184 maris,

333 1190 548 1222 Conturbatur
573 1192 677 1222 statim
704 1193 794 1223 navis

332 1237 374 1267 Et
400 1238 535 1269 iactatur
560 1243 604 1269 tot
631 1240 791 1279 procellis,

357 1285 420 1315 lam
449 1286 487 1316 de
514 1286 579 1317 vita
606 1286 804 1326 desperatur.

327 1399 369 1430 Et
396 1398 567 1430 confractis
593 1401 624 1431 in
651 1402 818 1440 antemnis,

329 1446 443 1485 Ruptis
470 1448 558 1486 velis,
585 1450 798 1488 armamentis,

328 1494 386 1525 Est
413 1494 528 1526 amissa
553 1505 625 1534 spes
652 1497 774 1535 salutis,

376 1543 610 1574 Praestolantes
636 1544 799 1578 auxilium.

324 1655 437 1686 Sancte
463 1660 564 1696 pater,
591 1658 668 1688 siste
686 1659 830 1700 gradum,

326 1703 476 1734 Nostrum
494 1713 533 1735 ne
548 1703 638 1744 fugas
657 1710 831 1747 aspectum,

326 1750 447 1782 Praebe
479 1751 569 1782 nobis
595 1756 626 1783 te
652 1753 830 1794 benignum,

372 1798 417 1829 Te
441 1808 599 1839 vocamus,
627 1801 743 1832 exaudi
761 1811 828 1834 nos.

329 1873 472 1906 Gloriose
500 1876 639 1918 Nicolae,

323 1921 415 1953 Nunc
440 1931 458 1953 a
480 1923 570 1954 malis
589 1933 646 1956 nos
671 1925 831 1967 abstrahe,

324 1969 413 2000 Affer
437 1979 539 2010 opem,
563 1981 659 2004 manu
684 1973 784 2014 trahe,

371 2017 453 2048 Dum
479 2028 584 2050 sumus
610 2020 641 2050 in
667 2021 805 2054 miseria.

205 2093 244 2125 31
260 2101 289 2125 a.
318 2093 431 2125 Statim
457 2095 543 2126 unda
570 2094 753 2137 famulante,

203 2313 245 2345 32
257 2322 285 2345 a.

321 2141 381 2172 Illo
407 2142 480 2174 navi
506 2143 693 2183 imperante,

322 2188 427 2221 Nauta
451 2194 580 2229 portum
607 2193 790 2232 applicante

371 2238 433 2269 Per
458 2238 519 2269 Dei
543 2240 753 2276 clementiam.

318 2314 445 2346 Caelum
472 2315 507 2347 fit
532 2318 675 2349 serenius

319 2361 362 2393 Et
387 2372 474 2394 mare
497 2365 711 2405 tranquillius,

319 2409 424 2442 Naves
452 2417 582 2444 currunt
608 2414 757 2457 velocius,

367 2458 460 2490 Cedit
477 2458 586 2501 fragor
603 2464 635 2493 et
653 2465 844 2504 tempestas;

905 266 948 298 23
961 265 992 298 b.

902 488 946 520 24
955 487 987 520 b.

908 709 951 741 25
965 707 994 740 b.

903 929 945 961 26
959 927 992 962 b.

897 1147 940 1177 27
955 1146 985 1180 b.

895 1404 938 1436 28
951 1403 980 1436 b.

892 1661 936 1694 29
948 1660 978 1694 b.

893 1882 936 1914 30
947 1880 978 1914 b.

886 2101 927 2133 31
941 2100 971 2133 b.

890 2322 932 2354 32
944 2321 975 2355 b.

1022 266 1213 305 Ignorantes
1238 266 1433 300 admonebat

1023 313 1066 345 Et
1092 314 1204 354 inopes
1231 313 1440 356 defendebat,

1022 361 1253 402 Delinquentes
1279 363 1444 407 arguebat,

1023 410 1145 442 Probos
1171 419 1298 451 semper
1325 411 1530 446 confovebat.

1019 487 1082 519 Sed
1109 488 1217 520 valida
1242 492 1290 520 est
1316 492 1501 530 tempestas,

1021 535 1149 567 Caelum
1177 538 1346 568 commovit
1365 542 1397 568 et
1415 537 1528 581 undas,

1020 584 1110 616 Inter
1134 583 1250 617 fluctus
1277 589 1307 616 et
1333 586 1495 625 procellas

1066 632 1281 664 Resolvnntur
1318 642 1336 664 a
1362 632 1529 674 naufrago.

1027 709 1153 740 Pellunt
1178 709 1293 747 undae,
1321 710 1532 752 repelluntur,

1026 757 1278 799 Pulsantaquae‚
1290 758 1532 799 propulsantur,

1023 804 1106 836 Fere
1132 810 1217 837 rates
1243 805 1500 846 submerguntur,

1070 852 1167 884 Nulla
1201 853 1290 892 quies
1316 862 1336 884 a
1361 857 1531 888 tormento.

1023 929 1059 960 In
1086 929 1219 968 rupibus
1246 934 1509 972 conquassantur,

1022 976 1210 1016 Gurgitibus
1237 977 1424 1016 obruuntur,

1022 1024 1275 1064 circumquaque
1300 1026 1472 1065 agitantur,

1069 1072 1296 1104 Promittcntes
1324 1074 1495 1106 excidium.

1017 1147 1054 1179 In
1079 1147 1196 1186 abysso
1222 1148 1256 1178 fit
1285 1149 1466 1191 descensus,

1016 1195 1092 1225 Mox
1118 1195 1149 1225 in
1177 1195 1241 1226 alto
1270 1195 1305 1227 fit
1330 1206 1493 1235 ascensuS‚

1018 1242 1236 1274 Praestolatur
1260 1244 1421 1284 interitus,

1066 1290 1198 1321 Praeter
1223 1295 1357 1322 mortem
1383 1292 1428 1323 nil
1454 1301 1527 1333 spe-

1294 1343 1394 1372 ratur.

1012 1404 1088 1435 lllos
1115 1404 1203 1435 iuvat
1228 1405 1260 1436 in
1286 1406 1445 1445 precibus,

1013 1451 1138 1482 Fractis
1166 1452 1260 1484 remis
1287 1454 1487 1495 rudentibus,

1014 1499 1084 1531 Una
1111 1509 1187 1531 voce
1214 1500 1426 1534 clamantibus
1464 1512 1467 1514 ·

1060 1547 1216 1579 Praesens
1259 1549 1351 1580 adest
1393 1550 1522 1584 dicens:

1290 1606 1407 1630 assum.

1010 1662 1055 1693 Te
1082 1662 1192 1694 videre
1219 1664 1405 1707 cupivimus,

1011 1709 1138 1741 Laudes
1164 1714 1234 1742 tuas
1259 1712 1451 1754 audivimus,

1010 1757 1090 1789 Toto
1117 1759 1214 1790 corde
1241 1759 1404 1799 diligimus

1056 1805 1175 1837 Libera
1201 1816 1258 1838 nos
1284 1808 1465 1842 tribulatos.

1009 1882 1098 1914 Mala
1115 1887 1240 1922 nocent,
1259 1884 1356 1916 immo
1374 1890 1519 1929 prosunt,

1009 1929 1052 1961 Et
1069 1930 1206 1962 adversa
1223 1940 1280 1962 nos
1295 1933 1519 1974 comprimunt,

1009 1977 1062 2008 Ad
1088 1981 1119 2009 te
1146 1978 1252 2010 redire
1279 1981 1475 2020 compellunt

1057 2025 1104 2057 Ob
1131 2026 1243 2057 salutis
1269 2029 1421 2061 remedia.

1004 2101 1099 2134 Salva
1124 2111 1206 2134 nave
1231 2106 1262 2134 et
1289 2105 1448 2138 mercibus

1003 2149 1082 2182 Cum
1105 2153 1154 2181 tot
1179 2151 1278 2183 salvis
1303 2151 1488 2186 hominibus

1005 2197 1175 2230 Invocatus
1199 2199 1233 2230 in
1257 2201 1421 2244 precibus,

1050 2246 1261 2286 Agnoverunt
1286 2251 1515 2288 praesentiam.

1006 2324 1193 2363 Aequoreos
1219 2324 1332 2358 latices

1005 2371 1098 2403 Laeti
1124 2375 1239 2404 nautae
1264 2375 1497 2418 persulcantes‚

1005 2419 1119 2451 Statim
1144 2424 1272 2460 portum
1297 2423 1481 2465 subeuntes,

1053 2467 1265 2509 Subsequitur
1290 2473 1459 2507 serenitas.
