1655 2713
706 159 959 195 —167—

192 264 254 297 2a.
285 262 349 295 Hic
374 262 477 303 regali

332 315 428 343 natus
454 310 618 351 prosapia,

287 359 342 391 Ad
368 358 483 391 suniae

340 415 410 439 cum
438 406 526 438 venit
551 405 649 442 bivia,

192 506 252 538 33.
284 503 406 537 Christi
431 512 527 535 verus
552 502 698 535 imitator

288 551 495 592 Paupertatis
522 550 557 583 fit
583 554 724 588 amator3

189 652 249 683 4a.
281 650 352 690 Qui⁷
381 649 456 681 dum
482 648 536 688 pie
562 649 770 679 conversatur

289 697 388 739 Apud
416 697 528 728 ducem
554 700 585 726 et
610 693 777 735 probatur,

292 746 421 778 Summo
447 744 550 785 gradu
576 742 775 775 sublimatur.

195 846 254 876 53.
287 842 451 882 Quadrum
473 848 587 880 panem
614 839 669 870 dat
683 836 803 877 egenis,

292 891 483 923 Muneratur
509 887 588 920 fides
614 886 698 917 senis

292 939 354 970 Tot
379 936 514 969 navibus
539 935 626 967 victu
649 933 765 974 plenis.

195 1036 255 1069 63.
287 1034 349 1073 lbi,
377 1033 470 1066 divae
496 1030 611 1063 visioni

341 1081 414 1114 dum
442 1089 498 1111 cor
523 1078 620 1110 habet
646 1077 804 1117 sedulum,

290 1130 410 1162 Locum
437 1127 579 1168 praescit
604 1125 727 1166 requiei

339 1186 378 1209 ex
412 1183 488 1208 tunc
513 1180 545 1207 et
570 1175 602 1206 in
630 1173 803 1207 saeculum.

196 1277 255 1309 73.
287 1274 350 1306 Hic
375 1273 528 1305 assistens
554 1271 597 1303 ad
623 1270 737 1308 altare,

290 1321 429 1354 Sacrans
456 1329 572 1360 eorpus
599 1319 742 1351 salutare

291 1370 389 1402 Videt
416 1371 530 1401 cuncta
557 1367 792 1408 gubernantem

287 1419 445 1451 Dextram
465 1417 526 1449 Dei
553 1418 804 1447 consecrantem.

193 1517 213 1549 8
223 1526 253 1549 a.
285 1516 378 1556 Quod
387 1515 461 1547 dum
469 1513 551 1546 male
559 1513 623 1544 dux
631 1515 804 1548 scrutatur,

292 1564 401 1596 Poena
425 1562 517 1604 gravi
538 1570 611 1593 mox
629 1560 785 1592 multatur
795 1569 804 1601 ς

193 1663 253 1695 93.
285 1660 348 1692 Tot
374 1659 528 1691 virtutum
554 1662 706 1698 operator

289 1708 433 1742 Mundae
459 1706 540 1738 lucis
566 1710 598 1737 et
623 1710 748 1737 amator

291 1757 355 1790 Pro
381 1755 474 1788 nobis
500 1755 540 1786 sit
569 1758 730 1787 exorator.

865 257 929 291 2b.
959 256 1117 288 Dextrum
1143 260 1280 292 sequens

1009 303 1070 334 iter
1095 309 1154 342 per
1172 300 1278 332 omnia

963 352 1108 391 Regnum
1134 347 1259 388 sprevit

1009 403 1041 430 et
1065 397 1176 430 mundi
1203 395 1330 437 gaudia.

864 498 926 532 3b.
956 496 1006 528 Ex
1034 493 1198 526 Britannis
1224 493 1266 524 ad
1294 491 1351 523 hos
1377 490 1456 522 fines

960 543 1056 575 Venit
1082 542 1265 581 relinquens
1291 538 1416 572 affines.

862 641 927 675 4b.
958 641 1043 672 Hinc
1069 639 1111 671 ad
1138 647 1249 670 nemus
1276 635 1499 674 transmeavit,

959 690 1062 722 Feras
1089 695 1196 719 secum
1222 695 1285 717 non
1312 684 1453 724 expavit,

960 735 1080 776 Pisces,
1107 744 1183 767 aves
1206 743 1302 766 manu
1327 733 1428 773 pavit.

865 838 884 868 5
896 834 927 868 b.
961 833 1067 865 Mutat
1076 832 1192 871 locum,
1208 830 1265 862 sed
1277 839 1337 861 non
1348 832 1499 869 mentem,

961 882 1062 913 Avem
1089 880 1205 911 sternit
1231 879 1463 917 insequentem,

962 929 1097 961 Fontem
1125 927 1202 959 facit
1229 930 1460 966 erumpentem.

867 1030 886 1061 6
902 1027 932 1059 b.
965 1026 1049 1058 Hinc
1076 1034 1094 1057 a
1121 1025 1223 1056 Roma
1250 1021 1424 1054 revertenti

1012 1082 1107 1106 caeca
1135 1071 1238 1104 fertur
1264 1070 1403 1111 obviam,

965 1122 1022 1154 Cui
1046 1123 1153 1153 lumen
1180 1119 1381 1152 condonatur

1014 1179 1070 1211 per
1096 1170 1218 1201 orantis
1245 1167 1392 1208 gratiam.

864 1268 925 1301 7b.
957 1267 1060 1299 Huius
1088 1266 1148 1298 viri
1175 1265 1342 1296 caritatem

961 1318 1067 1355 Atque
1094 1314 1207 1345 miram
1233 1313 1448 1347 sanctitatem,

961 1364 1028 1402 Quo
1056 1367 1127 1403 post
1152 1366 1285 1394 mortem
1306 1364 1501 1397 reservatur,

963 1413 1189 1451 Incorruptum
1217 1418 1333 1449 corpus
1361 1408 1458 1440 fatur.

867 1509 930 1542 8b.
963 1508 1091 1540 Abhinc
1119 1516 1193 1538 caro
1220 1510 1325 1537 terrae
1353 1506 1448 1536 datur

962 1556 1006 1588 Et
1032 1565 1050 1588 a
1076 1555 1188 1596 poenis
1214 1558 1438 1586 tormentatur.

869 1653 931 1687 9b.
964 1652 1176 1684 Inclamemus
1203 1660 1311 1683 omnes
1338 1652 1452 1687 Amen,

961 1700 1082 1741 Quibus
1109 1704 1202 1740 pater
1228 1700 1283 1731 dat
1310 1699 1458 1729 iuvamen

964 1751 1172 1781 Peccatorum
1199 1753 1231 1780 et
1258 1748 1413 1779 levamen.

244 1855 327 1881 Miss.
355 1861 407 1879 ms.
430 1851 629 1886 Frisingense.
655 1857 731 1876 saec.
756 1847 799 1875 14.
823 1847 894 1874 Clm.
919 1847 1073 1873 Monacen.
1095 1843 1206 1872 23054.
1229 1845 1263 1871 A.
1287 1858 1321 1862 —
1342 1844 1424 1870 Miss.
1448 1851 1501 1869 ms.

166 1894 358 1929 frisingense
386 1899 463 1918 saec.
493 1888 536 1917 15.
563 1889 636 1917 Clm.
658 1888 814 1915 Monacen.
842 1883 927 1913 8389.
955 1885 984 1911 Β.
1007 1899 1043 1902 -
1068 1883 1122 1915 la,
1155 1882 1167 1910 1
1192 1884 1290 1910 Sacris
1318 1882 1389 1909 almi
1412 1883 1443 1909 B.
1465 1896 1503 1900 —

168 1931 219 1966 la,
241 1929 259 1959 2
279 1931 379 1959 cantio
401 1930 434 1957 B.
455 1944 492 1948 —
518 1927 568 1961 13,
589 1927 607 1955 3
629 1927 701 1954 colit
724 1927 756 1953 B.
771 1940 808 1943 —
823 1923 874 1957 ¹22,
897 1922 914 1951 3
935 1923 980 1951 Ad
1001 1924 1109 1950 famiae
1126 1923 1165 1952 A:
1189 1922 1234 1948 Ad
1256 1925 1399 1949 sametum
1417 1922 1448 1947 B.
1469 1937 1505 1940 —

163 1969 223 2004 2b‚
254 1969 267 1997 1
291 1970 337 1998 Ex
358 1970 447 1996 trium
470 1969 502 1995 B.
524 1982 561 1986 ——
582 1966 638 1998 521,
667 1963 685 1992 2
706 1966 844 1992 Munerat
866 1964 898 1990 B.
921 1977 957 1981 —
979 1961 1036 1993 63,
1063 1961 1075 1989 1
1098 1962 1143 1988 Ibi
1166 1961 1241 1988 duae
1264 1961 1323 1987 AB.
1346 1975 1382 1979 —
1403 1959 1463 1987 63.
1487 1958 1505 1987 3

166 2010 279 2038 Locum
309 2010 439 2045 praestet
459 2008 492 2035 B.
513 2021 551 2026 —
573 2004 634 2037 6b,
661 2003 679 2031 2
701 2005 791 2031 obvia
812 2003 844 2030 B.
873 2019 905 2022 —
929 2001 985 2034 73,
1014 2000 1031 2028 2
1053 2004 1159 2028 sacras
1182 2000 1212 2027 B.
1236 2013 1272 2018 —
1294 1998 1354 2031 73,
1381 1999 1398 2027 3
1421 1999 1504 2026 Vidit

166 2049 200 2077 B.
222 2047 277 2075 —7
287 2049 315 2081 b,
342 2047 354 2075 1
380 2047 472 2075 Cuius
496 2046 530 2073 A.
552 2061 589 2065 —
611 2043 663 2076 Ἠ),
685 2043 703 2070 4
724 2043 930 2078 Incorruptam
953 2041 990 2068 A:
1014 2041 1190 2075 Incorrupta
1213 2040 1244 2066 Β.
1266 2053 1302 2057 -
1317 2040 1369 2066 &tn
1391 2038 1408 2066 2
1430 2038 1504 2066 fehlt

166 2089 200 2116 A.
222 2103 260 2106 —
281 2086 333 2120 93,
358 2086 370 2114 1
395 2088 534 2122 operatur
555 2085 588 2111 B.
612 2097 649 2102 -—
671 2081 723 2115 9a,
746 2080 764 2109 2
785 2081 859 2109 fehlt
881 2082 914 2107 Α.
936 2094 974 2099 -
995 2078 1049 2110 9b,
1074 2078 1085 2105 1
1111 2079 1311 2105 Inclamarnus
1335 2079 1366 2104 Η.

558 2266 620 2298 182.
663 2264 705 2295 De
727 2272 751 2295 s.
773 2262 897 2295 Iuliano
920 2261 1112 2294 Brivatensi.

199 2389 216 2422 1
229 2397 260 2422 3.
290 2387 476 2422 Gloriosum

288 2437 401 2469 militis
423 2435 541 2468 Iuliani

290 2485 488 2526 triumphum
513 2482 711 2516 laetabunda

867 2382 883 2416 1
898 2383 929 2416 b.
961 2382 1177 2416 Harmonicae

963 2431 1049 2463 vocis
1076 2433 1232 2462 concentu
1259 2429 1343 2460 colat

962 2479 1104 2512 militans
1131 2477 1279 2510 ecclesia.
