<?xml version="1.0" encoding="UTF-8"?>
<!DOCTYPE html PUBLIC "-//W3C//DTD XHTML 1.0 Transitional//EN"
    "http://www.w3.org/TR/xhtml1/DTD/xhtml1-transitional.dtd">
<html xmlns="http://www.w3.org/1999/xhtml" xml:lang="en" lang="en">
 <head>
  <title>
</title>
<meta http-equiv="Content-Type" content="text/html;charset=utf-8" />
  <meta name='ocr-system' content='tesseract 3.04.00' />
  <meta name='ocr-capabilities' content='ocr_page ocr_carea ocr_par ocr_line ocrx_word'/>
</head>
<body>
  <div class='ocr_page' id='page_1' title='image "./analectahymnica44drevuoft_0268.png"; bbox 0 0 1655 2713; ppageno 0'>
   <div class='ocr_carea' id='block_1_1' title="bbox 690 170 957 206">
    <p class='ocr_par' dir='ltr' id='par_1_1' title="bbox 690 170 957 206">
     <span class='ocr_line' id='line_1_1' title="bbox 690 170 957 206; baseline 0.015 -3"><span class='ocrx_word' id='word_1_1' title='bbox 690 189 732 194; x_wconf 91' lang='lat'><strong>—</strong></span> <span class='ocrx_word' id='word_1_2' title='bbox 789 170 957 206; x_wconf 86' lang='lat'>265—</span> 
     </span>
    </p>
   </div>
   <div class='ocr_carea' id='block_1_2' title="bbox 175 260 635 297">
    <p class='ocr_par' dir='ltr' id='par_1_2' title="bbox 175 260 635 297">
     <span class='ocr_line' id='line_1_2' title="bbox 175 260 635 297; baseline 0.009 -4"><span class='ocrx_word' id='word_1_3' title='bbox 175 261 237 295; x_wconf 85' lang='lat' dir='ltr'>4a.</span> <span class='ocrx_word' id='word_1_4' title='bbox 268 260 418 295; x_wconf 87' lang='lat' dir='ltr'><strong>Hostiam</strong></span> <span class='ocrx_word' id='word_1_5' title='bbox 444 272 479 295; x_wconf 88' lang='lat' dir='ltr'>se</span> <span class='ocrx_word' id='word_1_6' title='bbox 505 263 635 297; x_wconf 82' lang='lat' dir='ltr'>dedicat</span> 
     </span>
    </p>
   </div>
   <div class='ocr_carea' id='block_1_3' title="bbox 272 309 789 354">
    <p class='ocr_par' dir='ltr' id='par_1_3' title="bbox 272 309 789 354">
     <span class='ocr_line' id='line_1_3' title="bbox 272 309 789 354; baseline 0.014 -14"><span class='ocrx_word' id='word_1_7' title='bbox 272 309 336 341; x_wconf 86' lang='lat' dir='ltr'>Hic</span> <span class='ocrx_word' id='word_1_8' title='bbox 350 310 492 350; x_wconf 88' lang='lat' dir='ltr'>Christo,</span> <span class='ocrx_word' id='word_1_9' title='bbox 510 322 603 353; x_wconf 88' lang='lat' dir='ltr'>quem</span> <span class='ocrx_word' id='word_1_10' title='bbox 618 315 789 354; x_wconf 88' lang='lat' dir='ltr'>praedicat</span> 
     </span>
    </p>
   </div>
   <div class='ocr_carea' id='block_1_4' title="bbox 319 358 568 403">
    <p class='ocr_par' dir='ltr' id='par_1_4' title="bbox 319 358 568 403">
     <span class='ocr_line' id='line_1_4' title="bbox 319 358 568 403; baseline 0.008 -13"><span class='ocrx_word' id='word_1_11' title='bbox 319 358 412 390; x_wconf 85' lang='lat' dir='ltr'>Valle</span> <span class='ocrx_word' id='word_1_12' title='bbox 438 364 549 392; x_wconf 90' lang='lat' dir='ltr'>nostra</span> <span class='ocrx_word' id='word_1_13' title='bbox 559 372 568 403; x_wconf 67' lang='grc' dir='ltr'><strong>ς</strong></span> 
     </span>
    </p>
   </div>
   <div class='ocr_carea' id='block_1_5' title="bbox 177 454 731 545">
    <p class='ocr_par' dir='ltr' id='par_1_5' title="bbox 177 454 731 545">
     <span class='ocr_line' id='line_1_5' title="bbox 177 454 731 500; baseline 0.013 -15"><span class='ocrx_word' id='word_1_14' title='bbox 177 455 237 487; x_wconf 88' lang='lat' dir='ltr'>5a.</span> <span class='ocrx_word' id='word_1_15' title='bbox 268 454 388 495; x_wconf 83' lang='lat' dir='ltr'>Legem</span> <span class='ocrx_word' id='word_1_16' title='bbox 415 465 531 489; x_wconf 90' lang='lat' dir='ltr'>novam</span> <span class='ocrx_word' id='word_1_17' title='bbox 559 459 731 500; x_wconf 85' lang='lat' dir='ltr'>approbat,</span> 
     </span>
     <span class='ocr_line' id='line_1_6' title="bbox 269 502 639 545; baseline 0.014 -11"><span class='ocrx_word' id='word_1_18' title='bbox 269 502 458 544; x_wconf 76' lang='lat' dir='ltr'>synagogae</span> <span class='ocrx_word' id='word_1_19' title='bbox 485 507 639 545; x_wconf 83' lang='lat' dir='ltr'>reprobat</span> 
     </span>
    </p>
   </div>
   <div class='ocr_carea' id='block_1_6' title="bbox 269 549 784 596">
    <p class='ocr_par' dir='ltr' id='par_1_6' title="bbox 269 549 784 596">
     <span class='ocr_line' id='line_1_7' title="bbox 269 549 784 596; baseline 0.016 -15"><span class='ocrx_word' id='word_1_20' title='bbox 269 549 460 595; x_wconf 87' lang='lat' dir='ltr'>Figmenta,</span> <span class='ocrx_word' id='word_1_21' title='bbox 487 563 569 594; x_wconf 86' lang='lat' dir='ltr'>quae</span> <span class='ocrx_word' id='word_1_22' title='bbox 595 556 784 596; x_wconf 84' lang='lat' dir='ltr'>comprobat</span> 
     </span>
    </p>
   </div>
   <div class='ocr_carea' id='block_1_7' title="bbox 313 599 536 641">
    <p class='ocr_par' dir='ltr' id='par_1_7' title="bbox 313 599 536 641">
     <span class='ocr_line' id='line_1_8' title="bbox 313 599 536 641; baseline 0.009 -10"><span class='ocrx_word' id='word_1_23' title='bbox 313 599 395 632; x_wconf 88' lang='lat' dir='ltr'>Esse</span> <span class='ocrx_word' id='word_1_24' title='bbox 423 610 536 641; x_wconf 83' lang='lat' dir='ltr'>caeca;</span> 
     </span>
    </p>
   </div>
   <div class='ocr_carea' id='block_1_8' title="bbox 169 695 619 884">
    <p class='ocr_par' dir='ltr' id='par_1_8' title="bbox 169 695 593 741">
     <span class='ocr_line' id='line_1_9' title="bbox 169 695 593 741; baseline 0.007 -14"><span class='ocrx_word' id='word_1_25' title='bbox 169 696 231 728; x_wconf 77' lang='lat' dir='ltr'>fia,</span> <span class='ocrx_word' id='word_1_26' title='bbox 265 695 435 729; x_wconf 80' lang='lat' dir='ltr'>condonet</span> <span class='ocrx_word' id='word_1_27' title='bbox 459 699 593 741; x_wconf 86' lang='lat' dir='ltr'>scelera,</span> 
     </span>
    </p>

    <p class='ocr_par' dir='ltr' id='par_1_9' title="bbox 263 744 619 826">
     <span class='ocr_line' id='line_1_10' title="bbox 263 744 619 786; baseline 0.011 -11"><span class='ocrx_word' id='word_1_28' title='bbox 263 744 376 776; x_wconf 86' lang='lat' dir='ltr'>Mente</span> <span class='ocrx_word' id='word_1_29' title='bbox 402 755 494 786; x_wconf 88' lang='lat' dir='ltr'>quem</span> <span class='ocrx_word' id='word_1_30' title='bbox 523 747 619 779; x_wconf 86' lang='lat' dir='ltr'>effera</span> 
     </span>
     <span class='ocr_line' id='line_1_11' title="bbox 312 792 542 826; baseline 0.009 -2"><span class='ocrx_word' id='word_1_31' title='bbox 312 792 407 825; x_wconf 84' lang='lat' dir='ltr'>Saxis</span> <span class='ocrx_word' id='word_1_32' title='bbox 434 794 542 826; x_wconf 86' lang='lat' dir='ltr'>obruit</span> 
     </span>
    </p>

    <p class='ocr_par' dir='ltr' id='par_1_10' title="bbox 362 841 614 884">
     <span class='ocr_line' id='line_1_12' title="bbox 362 841 614 884; baseline 0.008 -11"><span class='ocrx_word' id='word_1_33' title='bbox 362 841 450 874; x_wconf 83' lang='lat' dir='ltr'>Gens</span> <span class='ocrx_word' id='word_1_34' title='bbox 478 844 614 884; x_wconf 83' lang='lat' dir='ltr'>misera;</span> 
     </span>
    </p>
   </div>
   <div class='ocr_carea' id='block_1_9' title="bbox 875 269 1399 407">
    <p class='ocr_par' dir='ltr' id='par_1_11' title="bbox 875 269 1399 407">
     <span class='ocr_line' id='line_1_13' title="bbox 875 269 1351 310; baseline -0.002 -8"><span class='ocrx_word' id='word_1_35' title='bbox 875 269 938 302; x_wconf 89' lang='lat' dir='ltr'>4b.</span> <span class='ocrx_word' id='word_1_36' title='bbox 969 269 1175 302; x_wconf 86' lang='lat' dir='ltr'>Dissecantes</span> <span class='ocrx_word' id='word_1_37' title='bbox 1203 270 1351 310; x_wconf 77' lang='lat' dir='ltr'>despicit,</span> 
     </span>
     <span class='ocr_line' id='line_1_14' title="bbox 968 315 1399 360; baseline -0.002 -9"><span class='ocrx_word' id='word_1_38' title='bbox 968 315 1075 351; x_wconf 89' lang='lat' dir='ltr'>Iesum</span> <span class='ocrx_word' id='word_1_39' title='bbox 1101 322 1239 350; x_wconf 85' lang='lat' dir='ltr'>stantem</span> <span class='ocrx_word' id='word_1_40' title='bbox 1265 319 1399 360; x_wconf 88' lang='lat' dir='ltr'>suspicit</span> 
     </span>
     <span class='ocr_line' id='line_1_15' title="bbox 1019 366 1285 407; baseline 0 -9"><span class='ocrx_word' id='word_1_41' title='bbox 1019 366 1122 398; x_wconf 85' lang='lat' dir='ltr'>Carne</span> <span class='ocrx_word' id='word_1_42' title='bbox 1147 371 1285 407; x_wconf 86' lang='lat' dir='ltr'>sumpta.</span> 
     </span>
    </p>
   </div>
   <div class='ocr_carea' id='block_1_10' title="bbox 871 462 1316 648">
    <p class='ocr_par' dir='ltr' id='par_1_12' title="bbox 871 462 1316 648">
     <span class='ocr_line' id='line_1_16' title="bbox 871 462 1282 504; baseline 0.002 -9"><span class='ocrx_word' id='word_1_43' title='bbox 871 462 933 496; x_wconf 89' lang='lat' dir='ltr'>5b.</span> <span class='ocrx_word' id='word_1_44' title='bbox 964 463 1137 495; x_wconf 87' lang='lat' dir='ltr'>Assistenti</span> <span class='ocrx_word' id='word_1_45' title='bbox 1164 464 1282 504; x_wconf 87' lang='lat' dir='ltr'>populo</span> 
     </span>
     <span class='ocr_line' id='line_1_17' title="bbox 964 511 1299 552; baseline 0.006 -10"><span class='ocrx_word' id='word_1_46' title='bbox 964 511 1076 551; x_wconf 81' lang='lat' dir='ltr'>Legati</span> <span class='ocrx_word' id='word_1_47' title='bbox 1104 521 1163 552; x_wconf 93' lang='lat' dir='ltr'>pro</span> <span class='ocrx_word' id='word_1_48' title='bbox 1189 513 1299 552; x_wconf 89' lang='lat' dir='ltr'>patulo</span> 
     </span>
     <span class='ocr_line' id='line_1_18' title="bbox 967 559 1316 592; baseline 0 0"><span class='ocrx_word' id='word_1_49' title='bbox 967 559 1136 592; x_wconf 88' lang='lat' dir='ltr'>Convincit</span> <span class='ocrx_word' id='word_1_50' title='bbox 1162 561 1316 592; x_wconf 87' lang='lat' dir='ltr'>miraculo</span> 
     </span>
     <span class='ocr_line' id='line_1_19' title="bbox 1013 607 1307 648; baseline 0.007 -9"><span class='ocrx_word' id='word_1_51' title='bbox 1013 607 1102 639; x_wconf 85' lang='lat' dir='ltr'>Haec</span> <span class='ocrx_word' id='word_1_52' title='bbox 1129 609 1307 648; x_wconf 86' lang='lat' dir='ltr'>praedicta.</span> 
     </span>
    </p>
   </div>
   <div class='ocr_carea' id='block_1_11' title="bbox 869 701 1341 888">
    <p class='ocr_par' dir='ltr' id='par_1_13' title="bbox 869 701 1341 888">
     <span class='ocr_line' id='line_1_20' title="bbox 869 701 1283 747; baseline 0.005 -12"><span class='ocrx_word' id='word_1_53' title='bbox 869 701 931 736; x_wconf 75' lang='lat' dir='ltr'>ob.</span> <span class='ocrx_word' id='word_1_54' title='bbox 966 704 1114 735; x_wconf 86' lang='lat' dir='ltr'>Possidet</span> <span class='ocrx_word' id='word_1_55' title='bbox 1141 705 1283 747; x_wconf 78' lang='lat' dir='ltr'>aethera,</span> 
     </span>
     <span class='ocr_line' id='line_1_21' title="bbox 963 751 1276 791; baseline 0.013 -10"><span class='ocrx_word' id='word_1_56' title='bbox 963 751 1120 791; x_wconf 86' lang='lat' dir='ltr'>Vitaeque</span> <span class='ocrx_word' id='word_1_57' title='bbox 1146 762 1276 785; x_wconf 82' lang='lat' dir='ltr'>munera</span> 
     </span>
     <span class='ocr_line' id='line_1_22' title="bbox 1010 799 1341 841; baseline 0.006 -10"><span class='ocrx_word' id='word_1_58' title='bbox 1010 799 1085 837; x_wconf 80' lang='lat' dir='ltr'>Dat.</span> <span class='ocrx_word' id='word_1_59' title='bbox 1114 810 1206 840; x_wconf 82' lang='lat' dir='ltr'>quem</span> <span class='ocrx_word' id='word_1_60' title='bbox 1234 803 1341 841; x_wconf 89' lang='lat' dir='ltr'>genuit</span> 
     </span>
     <span class='ocr_line' id='line_1_23' title="bbox 1057 849 1232 888; baseline 0.006 -8"><span class='ocrx_word' id='word_1_61' title='bbox 1057 849 1232 888; x_wconf 77' lang='lat' dir='ltr'>Puerpera.</span> 
     </span>
    </p>
   </div>
   <div class='ocr_carea' id='block_1_12' title="bbox 219 937 1478 977">
    <p class='ocr_par' dir='ltr' id='par_1_14' title="bbox 219 937 1478 977">
     <span class='ocr_line' id='line_1_24' title="bbox 219 937 1478 977; baseline 0.01 -14"><span class='ocrx_word' id='word_1_62' title='bbox 219 937 305 963; x_wconf 85' lang='lat' dir='ltr'>Miss.</span> <span class='ocrx_word' id='word_1_63' title='bbox 321 938 583 966; x_wconf 74' lang='lat' dir='ltr'>Autissiodorense</span> <span class='ocrx_word' id='word_1_64' title='bbox 600 941 668 975; x_wconf 85' lang='lat' dir='ltr'>imp.</span> <span class='ocrx_word' id='word_1_65' title='bbox 685 941 809 967; x_wconf 81' lang='lat' dir='ltr'>Parisiis</span> <span class='ocrx_word' id='word_1_66' title='bbox 825 939 914 976; x_wconf 74' lang='grc'>[1484</span> <span class='ocrx_word' id='word_1_67' title='bbox 923 940 956 977; x_wconf 80' lang='lat'>?].</span> <span class='ocrx_word' id='word_1_68' title='bbox 973 957 1008 961; x_wconf 91' lang='lat'><strong>—</strong></span> <span class='ocrx_word' id='word_1_69' title='bbox 1021 943 1165 970; x_wconf 58' lang='lat' dir='ltr'>Melndie:</span> <span class='ocrx_word' id='word_1_70' title='bbox 1190 946 1212 971; x_wconf 98' lang='lat' dir='ltr'>L</span> <span class='ocrx_word' id='word_1_71' title='bbox 1223 954 1238 971; x_wconf 83' lang='lat' dir='ltr'>a</span> <span class='ocrx_word' id='word_1_72' title='bbox 1249 957 1262 971; x_wconf 64' lang='lat' dir='ltr'>c</span> <span class='ocrx_word' id='word_1_73' title='bbox 1272 949 1282 971; x_wconf 85' lang='lat' dir='ltr'>t</span> <span class='ocrx_word' id='word_1_74' title='bbox 1291 954 1306 971; x_wconf 81' lang='lat' dir='ltr'>a</span> <span class='ocrx_word' id='word_1_75' title='bbox 1316 947 1332 973; x_wconf 87' lang='lat' dir='ltr'>b</span> <span class='ocrx_word' id='word_1_76' title='bbox 1343 955 1360 972; x_wconf 86' lang='lat' dir='ltr'>u</span> <span class='ocrx_word' id='word_1_77' title='bbox 1370 956 1387 972; x_wconf 88' lang='lat' dir='ltr'>n</span> <span class='ocrx_word' id='word_1_78' title='bbox 1397 947 1442 973; x_wconf 89' lang='lat' dir='ltr'>du</span> <span class='ocrx_word' id='word_1_79' title='bbox 1453 957 1478 975; x_wconf 56' lang='grc' dir='ltr'>κ.</span> 
     </span>
    </p>
   </div>
   <div class='ocr_carea' id='block_1_13' title="bbox 568 1118 1042 1162">
    <p class='ocr_par' dir='ltr' id='par_1_15' title="bbox 568 1118 1042 1162">
     <span class='ocr_line' id='line_1_25' title="bbox 568 1118 1042 1162; baseline 0.011 -14"><span class='ocrx_word' id='word_1_80' title='bbox 568 1118 635 1150; x_wconf 78' lang='grc'>298.</span> <span class='ocrx_word' id='word_1_81' title='bbox 680 1121 721 1151; x_wconf 85' lang='lat' dir='ltr'>De</span> <span class='ocrx_word' id='word_1_82' title='bbox 742 1123 851 1152; x_wconf 81' lang='lat' dir='ltr'>saneto</span> <span class='ocrx_word' id='word_1_83' title='bbox 873 1122 1042 1162; x_wconf 83' lang='lat' dir='ltr'>Stephano.</span> 
     </span>
    </p>
   </div>
   <div class='ocr_carea' id='block_1_14' title="bbox 160 1227 768 1366">
    <p class='ocr_par' dir='ltr' id='par_1_16' title="bbox 160 1227 768 1366">
     <span class='ocr_line' id='line_1_26' title="bbox 160 1227 768 1270; baseline 0.005 -12"><span class='ocrx_word' id='word_1_84' title='bbox 160 1227 175 1259; x_wconf 94' lang='lat'>1</span> <span class='ocrx_word' id='word_1_85' title='bbox 191 1235 220 1259; x_wconf 92' lang='lat' dir='ltr'>a.</span> <span class='ocrx_word' id='word_1_86' title='bbox 253 1227 331 1259; x_wconf 88' lang='lat' dir='ltr'>Post</span> <span class='ocrx_word' id='word_1_87' title='bbox 345 1228 540 1268; x_wconf 83' lang='lat' dir='ltr'>triumphum</span> <span class='ocrx_word' id='word_1_88' title='bbox 555 1231 670 1261; x_wconf 88' lang='lat' dir='ltr'>summi</span> <span class='ocrx_word' id='word_1_89' title='bbox 684 1230 768 1270; x_wconf 85' lang='lat' dir='ltr'>regis</span> 
     </span>
     <span class='ocr_line' id='line_1_27' title="bbox 254 1275 731 1318; baseline 0.006 -12"><span class='ocrx_word' id='word_1_90' title='bbox 254 1275 380 1307; x_wconf 85' lang='lat' dir='ltr'>Primus</span> <span class='ocrx_word' id='word_1_91' title='bbox 407 1277 496 1317; x_wconf 85' lang='lat' dir='ltr'>pugil</span> <span class='ocrx_word' id='word_1_92' title='bbox 523 1286 624 1309; x_wconf 82' lang='lat' dir='ltr'>novae</span> <span class='ocrx_word' id='word_1_93' title='bbox 651 1278 731 1318; x_wconf 87' lang='lat' dir='ltr'>legis</span> 
     </span>
     <span class='ocr_line' id='line_1_28' title="bbox 302 1323 656 1366; baseline 0.011 -11"><span class='ocrx_word' id='word_1_94' title='bbox 302 1323 394 1356; x_wconf 79' lang='lat' dir='ltr'>Nova</span> <span class='ocrx_word' id='word_1_95' title='bbox 419 1324 503 1356; x_wconf 86' lang='lat' dir='ltr'>bella</span> <span class='ocrx_word' id='word_1_96' title='bbox 529 1325 656 1366; x_wconf 81' lang='lat' dir='ltr'>ingerit.</span> 
     </span>
    </p>
   </div>
   <div class='ocr_carea' id='block_1_15' title="bbox 154 1421 689 1562">
    <p class='ocr_par' dir='ltr' id='par_1_17' title="bbox 154 1421 689 1562">
     <span class='ocr_line' id='line_1_29' title="bbox 154 1421 642 1462; baseline 0.006 -10"><span class='ocrx_word' id='word_1_97' title='bbox 154 1421 214 1453; x_wconf 88' lang='lat' dir='ltr'>2a.</span> <span class='ocrx_word' id='word_1_98' title='bbox 250 1421 346 1453; x_wconf 89' lang='lat' dir='ltr'>Almo</span> <span class='ocrx_word' id='word_1_99' title='bbox 373 1422 486 1462; x_wconf 89' lang='lat' dir='ltr'>plenus</span> <span class='ocrx_word' id='word_1_100' title='bbox 513 1421 642 1455; x_wconf 87' lang='lat' dir='ltr'>flamine</span> 
     </span>
     <span class='ocr_line' id='line_1_30' title="bbox 252 1469 606 1502; baseline 0 0"><span class='ocrx_word' id='word_1_101' title='bbox 252 1469 345 1502; x_wconf 87' lang='lat' dir='ltr'>Solus</span> <span class='ocrx_word' id='word_1_102' title='bbox 371 1471 403 1501; x_wconf 92' lang='lat' dir='ltr'>in</span> <span class='ocrx_word' id='word_1_103' title='bbox 431 1471 606 1502; x_wconf 84' lang='lat' dir='ltr'>certamine</span> 
     </span>
     <span class='ocr_line' id='line_1_31' title="bbox 300 1518 689 1562; baseline 0.003 -12"><span class='ocrx_word' id='word_1_104' title='bbox 300 1518 415 1551; x_wconf 84' lang='lat' dir='ltr'>Stabat</span> <span class='ocrx_word' id='word_1_105' title='bbox 440 1519 689 1562; x_wconf 78' lang='lat' dir='ltr'>imperterritus,</span> 
     </span>
    </p>
   </div>
   <div class='ocr_carea' id='block_1_16' title="bbox 154 1615 723 1754">
    <p class='ocr_par' dir='ltr' id='par_1_18' title="bbox 154 1615 723 1754">
     <span class='ocr_line' id='line_1_32' title="bbox 154 1615 723 1658; baseline 0.004 -10"><span class='ocrx_word' id='word_1_106' title='bbox 154 1615 214 1648; x_wconf 86' lang='lat' dir='ltr'>3a.</span> <span class='ocrx_word' id='word_1_107' title='bbox 251 1615 343 1654; x_wconf 85' lang='lat' dir='ltr'>Quod</span> <span class='ocrx_word' id='word_1_108' title='bbox 372 1615 484 1648; x_wconf 83' lang='lat' dir='ltr'>Iudaei</span> <span class='ocrx_word' id='word_1_109' title='bbox 512 1617 723 1658; x_wconf 84' lang='lat' dir='ltr'>dedignantes</span> 
     </span>
     <span class='ocr_line' id='line_1_33' title="bbox 251 1662 709 1706; baseline 0.011 -12"><span class='ocrx_word' id='word_1_110' title='bbox 251 1662 478 1701; x_wconf 79' lang='lat' dir='ltr'>Surrexerunt.</span> <span class='ocrx_word' id='word_1_111' title='bbox 508 1666 709 1706; x_wconf 83' lang='lat' dir='ltr'>disputantes</span> 
     </span>
     <span class='ocr_line' id='line_1_34' title="bbox 296 1712 684 1754; baseline 0.005 -9"><span class='ocrx_word' id='word_1_112' title='bbox 296 1712 374 1745; x_wconf 90' lang='lat' dir='ltr'>Cum</span> <span class='ocrx_word' id='word_1_113' title='bbox 403 1713 514 1745; x_wconf 86' lang='lat' dir='ltr'>eodem</span> <span class='ocrx_word' id='word_1_114' title='bbox 544 1715 684 1754; x_wconf 85' lang='lat' dir='ltr'>pariter;</span> 
     </span>
    </p>
   </div>
   <div class='ocr_carea' id='block_1_17' title="bbox 149 1809 677 1948">
    <p class='ocr_par' dir='ltr' id='par_1_19' title="bbox 149 1809 677 1948">
     <span class='ocr_line' id='line_1_35' title="bbox 149 1809 677 1851; baseline 0.008 -11"><span class='ocrx_word' id='word_1_115' title='bbox 149 1809 213 1841; x_wconf 86' lang='lat' dir='ltr'>4a.</span> <span class='ocrx_word' id='word_1_116' title='bbox 244 1809 336 1841; x_wconf 91' lang='lat' dir='ltr'>Tunc</span> <span class='ocrx_word' id='word_1_117' title='bbox 361 1819 438 1850; x_wconf 88' lang='lat' dir='ltr'>gens</span> <span class='ocrx_word' id='word_1_118' title='bbox 465 1811 521 1843; x_wconf 87' lang='lat' dir='ltr'>illa</span> <span class='ocrx_word' id='word_1_119' title='bbox 550 1813 677 1851; x_wconf 78' lang='lat' dir='ltr'>misera,</span> 
     </span>
     <span class='ocr_line' id='line_1_36' title="bbox 246 1857 559 1892; baseline 0.01 -3"><span class='ocrx_word' id='word_1_120' title='bbox 246 1857 288 1890; x_wconf 85' lang='lat' dir='ltr'>Se</span> <span class='ocrx_word' id='word_1_121' title='bbox 315 1867 354 1891; x_wconf 87' lang='lat' dir='ltr'>ex</span> <span class='ocrx_word' id='word_1_122' title='bbox 381 1869 439 1891; x_wconf 84' lang='lat' dir='ltr'>sua</span> <span class='ocrx_word' id='word_1_123' title='bbox 465 1860 559 1892; x_wconf 87' lang='lat' dir='ltr'>litera</span> 
     </span>
     <span class='ocr_line' id='line_1_37' title="bbox 293 1906 650 1948; baseline 0.006 -9"><span class='ocrx_word' id='word_1_124' title='bbox 293 1906 484 1948; x_wconf 88' lang='lat' dir='ltr'>Superatam</span> <span class='ocrx_word' id='word_1_125' title='bbox 511 1909 650 1947; x_wconf 88' lang='lat' dir='ltr'>intuens,</span> 
     </span>
    </p>
   </div>
   <div class='ocr_carea' id='block_1_18' title="bbox 145 2003 734 2143">
    <p class='ocr_par' dir='ltr' id='par_1_20' title="bbox 145 2003 734 2143">
     <span class='ocr_line' id='line_1_38' title="bbox 145 2003 734 2048; baseline 0.007 -12"><span class='ocrx_word' id='word_1_126' title='bbox 145 2005 206 2038; x_wconf 89' lang='lat' dir='ltr'>5a.</span> <span class='ocrx_word' id='word_1_127' title='bbox 237 2003 313 2047; x_wconf 87' lang='lat' dir='ltr'>Sed,</span> <span class='ocrx_word' id='word_1_128' title='bbox 340 2008 375 2036; x_wconf 86' lang='lat' dir='ltr'>ut</span> <span class='ocrx_word' id='word_1_129' title='bbox 401 2010 527 2048; x_wconf 87' lang='lat' dir='ltr'>martyr</span> <span class='ocrx_word' id='word_1_130' title='bbox 553 2006 734 2048; x_wconf 78' lang='lat' dir='ltr'>roboretur,</span> 
     </span>
     <span class='ocr_line' id='line_1_39' title="bbox 241 2053 700 2095; baseline 0.004 -9"><span class='ocrx_word' id='word_1_131' title='bbox 241 2053 331 2086; x_wconf 90' lang='lat' dir='ltr'>Caeli</span> <span class='ocrx_word' id='word_1_132' title='bbox 357 2058 483 2095; x_wconf 86' lang='lat' dir='ltr'>patent,</span> <span class='ocrx_word' id='word_1_133' title='bbox 511 2059 543 2087; x_wconf 92' lang='lat' dir='ltr'>et</span> <span class='ocrx_word' id='word_1_134' title='bbox 569 2055 700 2088; x_wconf 84' lang='lat' dir='ltr'>videtur</span> 
     </span>
     <span class='ocr_line' id='line_1_40' title="bbox 289 2101 576 2143; baseline 0.003 -9"><span class='ocrx_word' id='word_1_135' title='bbox 289 2101 357 2134; x_wconf 92' lang='lat' dir='ltr'>Sibi</span> <span class='ocrx_word' id='word_1_136' title='bbox 384 2102 445 2135; x_wconf 90' lang='lat' dir='ltr'>Dei</span> <span class='ocrx_word' id='word_1_137' title='bbox 472 2102 576 2143; x_wconf 84' lang='lat' dir='ltr'>filius;</span> 
     </span>
    </p>
   </div>
   <div class='ocr_carea' id='block_1_19' title="bbox 141 2199 677 2338">
    <p class='ocr_par' dir='ltr' id='par_1_21' title="bbox 141 2199 677 2338">
     <span class='ocr_line' id='line_1_41' title="bbox 141 2199 677 2241; baseline 0 -9"><span class='ocrx_word' id='word_1_138' title='bbox 141 2200 202 2233; x_wconf 87' lang='lat' dir='ltr'>6a.</span> <span class='ocrx_word' id='word_1_139' title='bbox 234 2199 339 2232; x_wconf 85' lang='lat' dir='ltr'>Extra</span> <span class='ocrx_word' id='word_1_140' title='bbox 365 2200 477 2232; x_wconf 90' lang='lat' dir='ltr'>urbem</span> <span class='ocrx_word' id='word_1_141' title='bbox 504 2201 677 2241; x_wconf 84' lang='lat' dir='ltr'>pertrahit,</span> 
     </span>
     <span class='ocr_line' id='line_1_42' title="bbox 237 2247 618 2289; baseline 0.003 -9"><span class='ocrx_word' id='word_1_142' title='bbox 237 2247 331 2281; x_wconf 86' lang='lat' dir='ltr'>Saxis</span> <span class='ocrx_word' id='word_1_143' title='bbox 358 2258 483 2289; x_wconf 85' lang='lat' dir='ltr'>quoque</span> <span class='ocrx_word' id='word_1_144' title='bbox 509 2249 618 2281; x_wconf 86' lang='lat' dir='ltr'>obruit</span> 
     </span>
     <span class='ocr_line' id='line_1_43' title="bbox 285 2297 669 2338; baseline 0.003 -9"><span class='ocrx_word' id='word_1_145' title='bbox 285 2297 455 2330; x_wconf 81' lang='lat' dir='ltr'>Oratorem</span> <span class='ocrx_word' id='word_1_146' title='bbox 481 2298 669 2338; x_wconf 79' lang='lat' dir='ltr'>proprium3</span> 
     </span>
    </p>
   </div>
   <div class='ocr_carea' id='block_1_20' title="bbox 140 2394 674 2536">
    <p class='ocr_par' dir='ltr' id='par_1_22' title="bbox 140 2394 674 2536">
     <span class='ocr_line' id='line_1_44' title="bbox 140 2394 640 2437; baseline 0.004 -12"><span class='ocrx_word' id='word_1_147' title='bbox 140 2394 200 2426; x_wconf 88' lang='lat' dir='ltr'>7a.</span> <span class='ocrx_word' id='word_1_148' title='bbox 233 2394 279 2428; x_wconf 89' lang='lat' dir='ltr'>Ut</span> <span class='ocrx_word' id='word_1_149' title='bbox 304 2394 421 2427; x_wconf 89' lang='lat' dir='ltr'>iisdem</span> <span class='ocrx_word' id='word_1_150' title='bbox 447 2395 640 2437; x_wconf 86' lang='lat' dir='ltr'>dimittatur,</span> 
     </span>
     <span class='ocr_line' id='line_1_45' title="bbox 237 2442 656 2484; baseline 0.002 -9"><span class='ocrx_word' id='word_1_151' title='bbox 237 2442 331 2482; x_wconf 86' lang='lat' dir='ltr'>Quod</span> <span class='ocrx_word' id='word_1_152' title='bbox 357 2443 460 2476; x_wconf 88' lang='lat' dir='ltr'>levita</span> <span class='ocrx_word' id='word_1_153' title='bbox 485 2443 656 2484; x_wconf 86' lang='lat' dir='ltr'>lapidatur</span> 
     </span>
     <span class='ocr_line' id='line_1_46' title="bbox 288 2490 674 2536; baseline 0 -12"><span class='ocrx_word' id='word_1_154' title='bbox 288 2490 365 2524; x_wconf 86' lang='lat' dir='ltr'>Sine</span> <span class='ocrx_word' id='word_1_155' title='bbox 391 2501 489 2525; x_wconf 83' lang='lat' dir='ltr'>causa</span> <span class='ocrx_word' id='word_1_156' title='bbox 515 2493 674 2536; x_wconf 87' lang='lat' dir='ltr'>nequiter,</span> 
     </span>
    </p>
   </div>
   <div class='ocr_carea' id='block_1_21' title="bbox 859 1232 1437 1367">
    <p class='ocr_par' dir='ltr' id='par_1_23' title="bbox 859 1232 1437 1367">
     <span class='ocr_line' id='line_1_47' title="bbox 859 1232 1437 1277; baseline 0.005 -13"><span class='ocrx_word' id='word_1_157' title='bbox 859 1232 919 1265; x_wconf 84' lang='lat' dir='ltr'>lb.</span> <span class='ocrx_word' id='word_1_158' title='bbox 953 1233 1015 1264; x_wconf 91' lang='lat' dir='ltr'>Hic</span> <span class='ocrx_word' id='word_1_159' title='bbox 1042 1238 1089 1265; x_wconf 89' lang='lat' dir='ltr'>est</span> <span class='ocrx_word' id='word_1_160' title='bbox 1117 1234 1299 1275; x_wconf 82' lang='lat' dir='ltr'>Stephanus</span> <span class='ocrx_word' id='word_1_161' title='bbox 1327 1236 1437 1277; x_wconf 78' lang='lat' dir='ltr'>levita⁷</span> 
     </span>
     <span class='ocr_line' id='line_1_48' title="bbox 948 1282 1417 1325; baseline 0.009 -13"><span class='ocrx_word' id='word_1_162' title='bbox 948 1282 1007 1320; x_wconf 81' lang='lat' dir='ltr'>Qui</span> <span class='ocrx_word' id='word_1_163' title='bbox 1036 1282 1076 1313; x_wconf 91' lang='lat' dir='ltr'>de</span> <span class='ocrx_word' id='word_1_164' title='bbox 1102 1282 1176 1323; x_wconf 86' lang='lat' dir='ltr'>fide,</span> <span class='ocrx_word' id='word_1_165' title='bbox 1205 1288 1316 1315; x_wconf 81' lang='lat' dir='ltr'>nostra</span> <span class='ocrx_word' id='word_1_166' title='bbox 1344 1285 1417 1325; x_wconf 74' lang='lat' dir='ltr'>vita,</span> 
     </span>
     <span class='ocr_line' id='line_1_49' title="bbox 998 1330 1403 1367; baseline 0.007 -5"><span class='ocrx_word' id='word_1_167' title='bbox 998 1330 1076 1362; x_wconf 87' lang='lat' dir='ltr'>Cum</span> <span class='ocrx_word' id='word_1_168' title='bbox 1106 1332 1233 1363; x_wconf 86' lang='lat' dir='ltr'>Iudaeis</span> <span class='ocrx_word' id='word_1_169' title='bbox 1263 1332 1403 1367; x_wconf 87' lang='lat' dir='ltr'>disserit.</span> 
     </span>
    </p>
   </div>
   <div class='ocr_carea' id='block_1_22' title="bbox 853 1425 1411 1560">
    <p class='ocr_par' dir='ltr' id='par_1_24' title="bbox 853 1425 1411 1560">
     <span class='ocr_line' id='line_1_50' title="bbox 853 1425 1282 1469; baseline 0.009 -12"><span class='ocrx_word' id='word_1_170' title='bbox 853 1425 919 1458; x_wconf 88' lang='lat' dir='ltr'>2b.</span> <span class='ocrx_word' id='word_1_171' title='bbox 952 1426 1050 1467; x_wconf 86' lang='lat' dir='ltr'>Signa</span> <span class='ocrx_word' id='word_1_172' title='bbox 1077 1433 1107 1459; x_wconf 87' lang='lat' dir='ltr'>et</span> <span class='ocrx_word' id='word_1_173' title='bbox 1134 1429 1282 1469; x_wconf 82' lang='lat' dir='ltr'>prodigia</span> 
     </span>
     <span class='ocr_line' id='line_1_51' title="bbox 950 1476 1259 1517; baseline 0.003 -9"><span class='ocrx_word' id='word_1_174' title='bbox 950 1476 1088 1508; x_wconf 81' lang='lat' dir='ltr'>Faciens</span> <span class='ocrx_word' id='word_1_175' title='bbox 1116 1477 1259 1517; x_wconf 81' lang='lat' dir='ltr'>ingentia</span> 
     </span>
     <span class='ocr_line' id='line_1_52' title="bbox 997 1524 1411 1560; baseline 0.01 -5"><span class='ocrx_word' id='word_1_176' title='bbox 997 1524 1094 1556; x_wconf 85' lang='lat' dir='ltr'>Miles</span> <span class='ocrx_word' id='word_1_177' title='bbox 1122 1525 1243 1557; x_wconf 81' lang='lat' dir='ltr'>Christi</span> <span class='ocrx_word' id='word_1_178' title='bbox 1270 1526 1411 1560; x_wconf 83' lang='lat' dir='ltr'>inclitus.</span> 
     </span>
    </p>
   </div>
   <div class='ocr_carea' id='block_1_23' title="bbox 855 1620 1465 1752">
    <p class='ocr_par' dir='ltr' id='par_1_25' title="bbox 855 1620 1465 1752">
     <span class='ocr_line' id='line_1_53' title="bbox 855 1620 1431 1662; baseline 0.007 -11"><span class='ocrx_word' id='word_1_179' title='bbox 855 1620 916 1653; x_wconf 73' lang='lat' dir='ltr'>Sb.</span> <span class='ocrx_word' id='word_1_180' title='bbox 951 1621 1015 1654; x_wconf 88' lang='lat' dir='ltr'>Sed</span> <span class='ocrx_word' id='word_1_181' title='bbox 1041 1622 1214 1662; x_wconf 82' lang='lat' dir='ltr'>nequibant</span> <span class='ocrx_word' id='word_1_182' title='bbox 1243 1623 1309 1654; x_wconf 91' lang='lat' dir='ltr'>eius</span> <span class='ocrx_word' id='word_1_183' title='bbox 1336 1623 1431 1655; x_wconf 88' lang='lat' dir='ltr'>dictis</span> 
     </span>
     <span class='ocr_line' id='line_1_54' title="bbox 951 1669 1465 1712; baseline 0.006 -11"><span class='ocrx_word' id='word_1_184' title='bbox 951 1669 1131 1709; x_wconf 86' lang='lat' dir='ltr'>Contraire,</span> <span class='ocrx_word' id='word_1_185' title='bbox 1160 1680 1240 1710; x_wconf 80' lang='lat' dir='ltr'>quae</span> <span class='ocrx_word' id='word_1_186' title='bbox 1268 1680 1306 1703; x_wconf 86' lang='lat' dir='ltr'>ex</span> <span class='ocrx_word' id='word_1_187' title='bbox 1333 1673 1465 1712; x_wconf 85' lang='lat' dir='ltr'>scriptis</span> 
     </span>
     <span class='ocr_line' id='line_1_55' title="bbox 1000 1719 1348 1752; baseline 0.003 -1"><span class='ocrx_word' id='word_1_188' title='bbox 1000 1719 1119 1752; x_wconf 82' lang='lat' dir='ltr'>Probat</span> <span class='ocrx_word' id='word_1_189' title='bbox 1146 1719 1348 1752; x_wconf 88' lang='lat' dir='ltr'>mirabiliter.</span> 
     </span>
    </p>
   </div>
   <div class='ocr_carea' id='block_1_24' title="bbox 851 1814 1418 1946">
    <p class='ocr_par' dir='ltr' id='par_1_26' title="bbox 851 1814 1418 1946">
     <span class='ocr_line' id='line_1_56' title="bbox 851 1814 1323 1858; baseline 0.004 -12"><span class='ocrx_word' id='word_1_190' title='bbox 851 1814 911 1847; x_wconf 92' lang='lat' dir='ltr'>4b.</span> <span class='ocrx_word' id='word_1_191' title='bbox 946 1815 1135 1848; x_wconf 85' lang='lat' dir='ltr'>Dissecatur</span> <span class='ocrx_word' id='word_1_192' title='bbox 1162 1816 1323 1858; x_wconf 85' lang='lat' dir='ltr'>cordibus,</span> 
     </span>
     <span class='ocr_line' id='line_1_57' title="bbox 947 1863 1418 1897; baseline 0.004 -2"><span class='ocrx_word' id='word_1_193' title='bbox 947 1863 1069 1896; x_wconf 89' lang='lat' dir='ltr'>Stridet</span> <span class='ocrx_word' id='word_1_194' title='bbox 1097 1865 1129 1896; x_wconf 92' lang='lat' dir='ltr'>iu</span> <span class='ocrx_word' id='word_1_195' title='bbox 1157 1865 1240 1896; x_wconf 89' lang='lat' dir='ltr'>hunc</span> <span class='ocrx_word' id='word_1_196' title='bbox 1267 1865 1418 1897; x_wconf 90' lang='lat' dir='ltr'>dentibus</span> 
     </span>
     <span class='ocr_line' id='line_1_58' title="bbox 994 1913 1407 1946; baseline 0.002 -2"><span class='ocrx_word' id='word_1_197' title='bbox 994 1913 1119 1944; x_wconf 91' lang='lat' dir='ltr'>Motum</span> <span class='ocrx_word' id='word_1_198' title='bbox 1144 1923 1235 1945; x_wconf 76' lang='lat' dir='ltr'>suuni</span> <span class='ocrx_word' id='word_1_199' title='bbox 1263 1915 1407 1946; x_wconf 88' lang='lat' dir='ltr'>innuens.</span> 
     </span>
    </p>
   </div>
   <div class='ocr_carea' id='block_1_25' title="bbox 847 2009 1437 2141">
    <p class='ocr_par' dir='ltr' id='par_1_27' title="bbox 847 2009 1437 2141">
     <span class='ocr_line' id='line_1_59' title="bbox 847 2009 1437 2052; baseline 0.003 -10"><span class='ocrx_word' id='word_1_200' title='bbox 847 2009 911 2043; x_wconf 88' lang='lat' dir='ltr'>5b.</span> <span class='ocrx_word' id='word_1_201' title='bbox 944 2010 1012 2050; x_wconf 81' lang='lat' dir='ltr'>Quo</span> <span class='ocrx_word' id='word_1_202' title='bbox 1039 2010 1151 2042; x_wconf 87' lang='lat' dir='ltr'>audito</span> <span class='ocrx_word' id='word_1_203' title='bbox 1178 2010 1271 2051; x_wconf 84' lang='lat' dir='ltr'>plebs</span> <span class='ocrx_word' id='word_1_204' title='bbox 1299 2011 1437 2052; x_wconf 87' lang='lat' dir='ltr'>profana</span> 
     </span>
     <span class='ocr_line' id='line_1_60' title="bbox 942 2059 1392 2092; baseline 0.004 -2"><span class='ocrx_word' id='word_1_205' title='bbox 942 2059 1060 2091; x_wconf 90' lang='lat' dir='ltr'>Manus</span> <span class='ocrx_word' id='word_1_206' title='bbox 1087 2059 1187 2091; x_wconf 87' lang='lat' dir='ltr'>mittit</span> <span class='ocrx_word' id='word_1_207' title='bbox 1211 2060 1252 2091; x_wconf 85' lang='lat' dir='ltr'>ad</span> <span class='ocrx_word' id='word_1_208' title='bbox 1280 2060 1392 2092; x_wconf 89' lang='lat' dir='ltr'>insana</span> 
     </span>
     <span class='ocr_line' id='line_1_61' title="bbox 991 2107 1300 2141; baseline 0.003 -2"><span class='ocrx_word' id='word_1_209' title='bbox 991 2107 1121 2139; x_wconf 89' lang='lat' dir='ltr'>Irruens</span> <span class='ocrx_word' id='word_1_210' title='bbox 1150 2108 1300 2141; x_wconf 65' lang='lat' dir='ltr'>velocius</span> 
     </span>
    </p>
   </div>
   <div class='ocr_carea' id='block_1_26' title="bbox 843 2203 1419 2343">
    <p class='ocr_par' dir='ltr' id='par_1_28' title="bbox 843 2203 1419 2343">
     <span class='ocr_line' id='line_1_62' title="bbox 843 2203 1379 2244; baseline -0.002 -7"><span class='ocrx_word' id='word_1_211' title='bbox 843 2203 906 2237; x_wconf 87' lang='lat' dir='ltr'>6b.</span> <span class='ocrx_word' id='word_1_212' title='bbox 936 2204 997 2244; x_wconf 84' lang='lat' dir='ltr'>Qui</span> <span class='ocrx_word' id='word_1_213' title='bbox 1024 2209 1100 2235; x_wconf 88' lang='lat' dir='ltr'>tunc</span> <span class='ocrx_word' id='word_1_214' title='bbox 1127 2203 1219 2235; x_wconf 86' lang='lat' dir='ltr'>flexis</span> <span class='ocrx_word' id='word_1_215' title='bbox 1245 2204 1379 2244; x_wconf 83' lang='lat' dir='ltr'>genibus</span> 
     </span>
     <span class='ocr_line' id='line_1_63' title="bbox 938 2252 1326 2291; baseline -0.003 -6"><span class='ocrx_word' id='word_1_216' title='bbox 938 2252 1068 2291; x_wconf 80' lang='lat' dir='ltr'>Magnis</span> <span class='ocrx_word' id='word_1_217' title='bbox 1096 2257 1166 2283; x_wconf 88' lang='lat' dir='ltr'>orat</span> <span class='ocrx_word' id='word_1_218' title='bbox 1195 2252 1326 2284; x_wconf 87' lang='lat' dir='ltr'>vocibus</span> 
     </span>
     <span class='ocr_line' id='line_1_64' title="bbox 985 2301 1419 2343; baseline 0.002 -11"><span class='ocrx_word' id='word_1_219' title='bbox 985 2301 1104 2340; x_wconf 84' lang='lat' dir='ltr'>Regem</span> <span class='ocrx_word' id='word_1_220' title='bbox 1132 2309 1240 2340; x_wconf 89' lang='lat' dir='ltr'>regum</span> <span class='ocrx_word' id='word_1_221' title='bbox 1268 2301 1419 2343; x_wconf 85' lang='lat' dir='ltr'>omnium,</span> 
     </span>
    </p>
   </div>
   <div class='ocr_carea' id='block_1_27' title="bbox 847 2397 1443 2529">
    <p class='ocr_par' dir='ltr' id='par_1_29' title="bbox 847 2397 1443 2529">
     <span class='ocr_line' id='line_1_65' title="bbox 847 2397 1443 2438; baseline 0.003 -8"><span class='ocrx_word' id='word_1_222' title='bbox 847 2397 910 2430; x_wconf 85' lang='lat' dir='ltr'>7b.</span> <span class='ocrx_word' id='word_1_223' title='bbox 942 2397 1162 2437; x_wconf 86' lang='lat' dir='ltr'>Spiritumque</span> <span class='ocrx_word' id='word_1_224' title='bbox 1187 2406 1277 2428; x_wconf 89' lang='lat' dir='ltr'>suum</span> <span class='ocrx_word' id='word_1_225' title='bbox 1302 2398 1443 2438; x_wconf 82' lang='lat' dir='ltr'>prendat</span> 
     </span>
     <span class='ocr_line' id='line_1_66' title="bbox 941 2445 1391 2487; baseline 0.007 -10"><span class='ocrx_word' id='word_1_226' title='bbox 941 2446 985 2478; x_wconf 90' lang='lat' dir='ltr'>Et</span> <span class='ocrx_word' id='word_1_227' title='bbox 1011 2446 1115 2477; x_wconf 87' lang='lat' dir='ltr'>eidem</span> <span class='ocrx_word' id='word_1_228' title='bbox 1142 2445 1205 2477; x_wconf 91' lang='lat' dir='ltr'>iam</span> <span class='ocrx_word' id='word_1_229' title='bbox 1233 2447 1391 2487; x_wconf 87' lang='lat' dir='ltr'>rependat</span> 
     </span>
     <span class='ocr_line' id='line_1_67' title="bbox 990 2493 1349 2529; baseline 0.006 -3"><span class='ocrx_word' id='word_1_230' title='bbox 990 2494 1172 2526; x_wconf 86' lang='lat' dir='ltr'>Praemium</span> <span class='ocrx_word' id='word_1_231' title='bbox 1199 2493 1349 2529; x_wconf 83' lang='lat' dir='ltr'>feliciter.</span> 
     </span>
    </p>
   </div>
  </div>
 </body>
</html>
