1655 2713
739 161 999 197 —328—

237 256 295 287 6a.
329 255 465 287 Mortem
481 257 624 290 Christus
644 267 705 289 non
725 258 839 302 renuit,

333 303 394 335 Pro
420 314 469 335 me
493 305 571 336 mori
598 305 643 336 sic
671 306 780 345 voluit,

334 351 396 383 Sua
422 356 521 383 morte
547 353 642 384 vitam
670 354 769 394 dedit,

377 400 465 438 Quod
493 401 546 431 diu
573 401 739 440 desidero;

237 504 292 534 7a.
326 504 391 534 Nec
417 513 450 536 se
476 507 561 545 capit
585 507 735 546 Olybrius

327 552 369 583 Et
395 562 413 583 a
440 557 543 584 mente
569 554 691 586 alienus

325 599 501 632 Meditatur
526 601 657 634 liberius

376 648 495 679 Videns
519 650 800 688 pulchritudinem.

229 752 288 785 Sa.
321 753 358 784 In
386 754 493 785 eculeo
521 755 645 786 levatur

324 802 429 839 Atque
457 801 525 832 dire
552 804 713 835 sauciatur

321 847 363 878 Et
394 849 511 880 acriter
534 849 722 890 flagellatur.

371 895 491 927 Nititur
515 900 735 931 consummari.

230 995 249 1026 9
262 1003 290 1025 a.
321 995 431 1026 Manat
446 998 572 1037 sanguis
588 999 831 1040 circumquaque

324 1043 418 1074 Parte
445 1043 542 1075 fluens
570 1054 608 1076 ex
634 1051 767 1087 utraque

324 1090 415 1121 Velut
441 1092 535 1128 unda,
566 1094 651 1124 velut
677 1095 773 1135 rivus,

369 1137 457 1169 Sicut
476 1149 686 1180 prorumpens
704 1142 827 1176 fluvius.

206 1236 287 1268 1021.
320 1238 344 1267 Ο
371 1238 462 1276 quale
491 1240 672 1273 consilium!

326 1284 406 1315 Nolo
433 1291 571 1317 vestrum
599 1290 790 1321 consortium

322 1332 474 1364 Recedite
500 1338 531 1364 et
556 1334 660 1375 abite3

367 1380 425 1411 Est
450 1390 602 1420 perversa
625 1385 765 1417 monitio.

201 1476 239 1508 11
258 1486 286 1509 a.
317 1478 342 1510 Ο
368 1480 455 1510 cauis
481 1481 659 1520 impudens,

317 1525 395 1557 Dire
420 1528 469 1559 leo
496 1527 663 1561 frendens!

316 1573 398 1605 Para
423 1576 549 1607 aculeos

317 1621 359 1652 Et
386 1622 497 1654 dentes
524 1623 644 1656 ferreos

364 1670 401 1700 Iu
431 1677 572 1703 sanctam
599 1673 774 1715 virginem3

195 1768 234 1798 12
252 1777 280 1799 a.
312 1768 434 1812 Sterne,
461 1771 593 1803 daemon
620 1778 654 1804 tu
672 1775 818 1815 superbe,

314 1815 378 1848 Cur
403 1818 539 1860 insurgis
566 1824 631 1852 tam
656 1822 780 1864 acerbe,

359 1865 419 1903 Qui
446 1865 594 1898 feminam
620 1879 682 1901 non
702 1870 818 1912 vicisti,

359 1912 454 1944 Cuius
489 1915 636 1947 virtutem
666 1919 818 1950 sensisti?

196 2010 237 2043 13
249 2020 277 2042 a.
310 2012 415 2052 Caput
439 2016 554 2053 premit
574 2016 651 2048 haec
671 2017 817 2051 draconis

311 2059 355 2091 Et
380 2061 411 2091 iu
437 2063 603 2101 procinctu
628 2066 737 2104 agonis

312 2107 485 2140 Percussus
511 2111 575 2142 ictu
600 2115 770 2156 mucronis,

359 2156 439 2188 Toto
465 2163 644 2197 prostratus
670 2170 815 2202 corpore.

188 2254 268 2288 14a.
301 2255 414 2288 Statim
440 2257 579 2292 efficitur

306 2304 425 2337 Secura
449 2307 568 2349 puella,

303 2352 340 2383 ln
366 2361 399 2384 se
425 2353 619 2389 laetabunda

301 2400 350 2432 De
375 2401 434 2432 hac
460 2403 604 2447 victoria,

350 2449 436 2488 Quae
462 2449 577 2483 fortem
603 2453 737 2490 vicerat.

874 2266 959 2300 14b.

923 259 985 293 6b.
1016 260 1096 293 Eius
1122 271 1231 294 amore
1256 271 1393 296 accensa

1017 308 1158 341 Caritate
1184 309 1392 354 inflammata,

1015 357 1052 389 In
1076 357 1191 390 affectu
1216 363 1283 391 tota
1311 364 1405 400 rapta

1063 406 1145 437 Prae
1170 417 1278 439 amore
1304 408 1414 444 ardeo,

922 509 983 543 7b.
1016 512 1108 544 Hanc
1134 513 1280 545 videntes
1306 513 1462 555 flagellari

1016 560 1069 592 Sic
1096 559 1257 593 deflebant
1282 564 1420 595 cruciari

1014 607 1057 638 Et
1083 607 1198 640 decore
1224 610 1358 649 spoliari

1063 655 1213 688 Sanctam
1239 658 1299 689 Dei
1327 658 1496 700 virginem.

915 759 979 792 8b.
1011 761 1140 793 Ferreis
1166 763 1348 802 pectinibus

1010 809 1105 840 Iussit
1133 819 1239 842 caram
1267 812 1412 844 omuibus

1009 857 1052 888 Et
1080 859 1169 889 duris
1197 859 1386 891 verberibus

1057 905 1205 937 Sanctam
1234 907 1360 940 laniari.

915 1003 976 1036 9b.
1009 1005 1117 1043 Ipsam
1146 1006 1259 1038 videns
1286 1008 1400 1040 laniari

1010 1052 1077 1083 Nec
1103 1063 1121 1084 a
1147 1054 1211 1085 fide
1238 1055 1392 1087 dimoveri

1008 1099 1118 1139 Neque
1146 1106 1250 1133 tamen
1275 1104 1447 1147 immutari,

1056 1148 1108 1179 Sic
1134 1153 1300 1189 torquetur
1327 1153 1444 1184 acrius.

889 1246 932 1278 10
944 1245 973 1277 b.
1005 1247 1103 1285 Haec.
1132 1249 1245 1288 inquit,
1272 1251 1404 1283 laniatio

1005 1294 1065 1325 Est
1091 1297 1235 1335 corporis
1260 1297 1405 1338 afflictio,

1004 1342 1047 1372 Et
1073 1345 1178 1374 carnis
1204 1346 1357 1378 cruciatio

1051 1390 1109 1422 Est
1136 1393 1260 1424 animae
1286 1395 1433 1428 salvatio.

885 1488 923 1520 11
939 1487 969 1520 b.
1002 1489 1093 1521 Vires
1119 1496 1190 1523 tuas
1216 1497 1387 1537 enervam,

1001 1537 1112 1569 Robur
1137 1544 1224 1571 tuum
1251 1541 1448 1585 confregisti,

1000 1585 1036 1616 In
1064 1589 1216 1619 certando
1244 1588 1390 1631 defecisti

1003 1632 1112 1672 Neque
1136 1640 1242 1668 tamen
1269 1639 1400 1677 potuisti

1051 1682 1209 1715 Evincere
1235 1683 1392 1725 fragilem.

883 1778 924 1810 12
936 1778 966 1810 b.
999 1779 1113 1813 Statim
1140 1784 1237 1815 miser
1263 1788 1435 1830 manescit,

998 1827 1169 1869 Postquam
1196 1831 1286 1864 abire
1313 1837 1471 1868 concessit

1047 1877 1154 1918 Virgo,
1182 1889 1255 1911 nam
1281 1881 1390 1914 divina
1407 1884 1510 1917 victus

1044 1924 1105 1956 Est
1130 1927 1247 1959 virtute
1273 1929 1431 1963 inimicus:

880 2023 921 2055 13
935 2022 967 2055 b.
998 2024 1095 2057 Videt
1121 2026 1207 2058 humi
1233 2031 1507 2073 procumbentem,

997 2071 1117 2105 Sternit
1139 2076 1223 2115 pede
1241 2077 1318 2109 haec
1337 2080 1505 2122 iacentem,

996 2120 1088 2152 Hanc
1112 2131 1226 2155 vorare
1253 2126 1452 2168 cupientem;

1042 2169 1123 2202 Toto
1151 2171 1333 2206 confractus
1361 2177 1504 2213 vulnere.

990 2269 1172 2310 Principem
1199 2273 1320 2306 vicerat

991 2317 1117 2350 Virtute
1143 2320 1252 2353 divina

991 2365 1059 2397 Nec
1084 2376 1179 2406 posse
1205 2370 1305 2402 valuit

990 2413 1118 2446 Virtute
1143 2416 1292 2459 humana,

1038 2462 1223 2497 Miuistrum
1249 2474 1392 2508 superat.
