1655 2713
255 254 315 287 7a.
348 254 388 285 Hi
416 259 497 288 sunt.
523 256 574 294 qui
603 255 669 287 Deo

395 302 523 341 placens
550 303 652 334 hostia

346 349 384 380 Se
412 350 611 381 tradiderunt

393 398 433 428 ad
458 398 616 437 supplicia

251 478 308 509 Sa.
345 478 420 509 Cum
450 478 571 518 hysopo

393 526 520 556 cedrum
550 527 717 558 offerentes

347 575 452 612 Atque
481 575 566 605 cocci
592 574 640 606 bis
667 575 758 615 tincti

390 626 535 653 stamma.

246 701 307 732 92.
341 700 430 743 Nam,
460 702 570 734 beatus
599 703 711 735 Petrus

387 751 544 782 exorcista

341 796 421 828 Dum
448 798 607 838 signorum

388 851 531 877 coruscat
557 848 670 886 gratia,

224 924 266 956 10
277 933 306 957 a.
337 925 544 957 Marcellinus

387 973 555 1012 presbyter
581 975 708 1007 lavacra

340 1020 470 1059 I’opulis

389 1068 511 1099 confert
537 1069 697 1102 salutaria.

223 1149 305 1180 lla.
337 1149 457 1187 Quibus
485 1150 652 1182 decollatis

851 158 918 193 196
968 179 1013 183 —

937 482 1001 516 8b.

936 707 997 740 9b.

912 933 954 964 10
965 932 995 966 b.

994 282 1001 289 .
1034 256 1259 298 Laveruntque

1082 305 1272 338 vestimenta
1297 316 1354 339 sua

1034 353 1071 384 In
1097 354 1251 394 sanguine

1079 401 1153 442 agni
1179 403 1356 445 vernantia,

1032 482 1208 515 Roboravit

1079 531 1158 562 istos
1184 531 1264 563 fides
1291 537 1323 563 et
1348 541 1422 574 spes

1032 579 1195 610 Ardentes
1222 580 1356 612 caritate

1078 627 1213 666 gemina.

1031 707 1108 739 Cum
1134 717 1253 750 sponsa
1279 709 1384 741 credit
1409 715 1441 741 et

1078 755 1199 788 familia

1027 804 1190 836 Artemius

1076 858 1188 884 sanata
1214 852 1348 886 familia.

1028 932 1113 964 Hinc
1138 939 1297 966 tormenta

1073 986 1231 1022 martyres
1260 984 1348 1015 varia

1029 1027 1199 1061 Perfemnt

1076 1077 1186 1108 Sereni
1215 1079 1360 1111 saevitia.

916 1156 954 1187 11
968 1156 997 1188 b.
1030 1156 1131 1189 Nobis
1157 1167 1232 1198 ergo
1260 1159 1378 1192 Christi

389 1197 429 1227 ad
456 1198 571 1237 gaudia
1077 1206 1244 1238 clementia

342 1243 502 1275 Feruntur
527 1246 651 1277 animae
1029 1252 1090 1283 Per
1117 1253 1227 1285 horum
1257 1260 1423 1288 succurrat

388 1292 549 1324 caelestia.
1074 1301 1234 1341 suffragia.

297 1372 384 1398 Grad.
418 1381 470 1398 ms.
495 1372 702 1401 Cameracense
721 1383 795 1402 saec.
823 1375 865 1403 12.
888 1378 956 1405 cod.
980 1380 1164 1408 Cameracen*
1186 1380 1223 1409 62
1243 1381 1308 1415 (61).
1331 1399 1367 1403 —
1388 1385 1445 1411 Mit
1466 1386 1540 1412 Aus-

222 1409 326 1436 nahme
348 1419 405 1436 von
422 1410 477 1436 Str.
501 1410 513 1436 1
539 1412 651 1438 besteht
667 1412 733 1446 jede
749 1414 950 1451 Halbstrophe
971 1426 1023 1445 aus
1045 1417 1062 1444 2
1077 1419 1258 1455 Langzeilen
1272 1431 1330 1448 von
1341 1422 1371 1457 je
1388 1422 1423 1450 10
1437 1423 1539 1451 Silben

223 1449 288 1478 (nur
308 1449 339 1474 in
360 1448 409 1474 der
426 1451 482 1475 Str.
504 1448 522 1476 3
544 1450 607 1476 sind
629 1460 658 1477 es
674 1449 714 1483 8);
737 1452 782 1478 die
798 1453 897 1480 Zeilen
915 1457 1031 1487 reimen,
1055 1458 1219 1492 abgesehen
1238 1469 1295 1486 von
1311 1458 1367 1493 8³,
1389 1459 1414 1493 2,
1437 1462 1541 1490 immer

224 1487 276 1512 auf
294 1492 321 1512 a.
356 1487 418 1512 Nur
443 1486 610 1514 technische
632 1489 829 1517 Riicksichten
851 1492 991 1529 bewogen
1013 1496 1099 1523 mich.
1121 1497 1166 1523 die
1192 1496 1362 1534 lOsilbigen
1383 1500 1483 1528 Zeilen
1505 1511 1541 1528 zu

223 1524 361 1556 brechen,
390 1525 482 1552 wobei
511 1534 542 1552 es
569 1527 698 1562 mangels
723 1529 804 1555 einer
836 1532 1058 1567 regelmfissigen
1090 1536 1183 1562 (ξε-ιιι·
1209 1537 1291 1564 nicht
1316 1537 1443 1574 moglich
1472 1549 1540 1573 war,

223 1564 287 1588 eine
309 1563 528 1598 gleichmiissige
551 1565 705 1601 Brechung
726 1575 761 1593 zu
783 1569 917 1596 erzielen.

637 1697 696 1728 218.
738 1698 778 1729 De
800 1703 910 1732 sancta
933 1701 1124 1742 Margareta.

244 1776 259 1806 1
276 1784 304 1806 a.
338 1775 425 1807 Haec
451 1782 497 1807 est
526 1778 593 1809 dies
620 1780 702 1810 omni

243 1905 302 1936 2a.

240 2130 299 2163 3a.

239 2309 300 2340 4a.

385 1824 479 1855 laude
504 1827 737 1866 prosequenda,

335 1904 421 1937 Dies.
449 1907 480 1937 in
507 1917 567 1947 qua
594 1908 741 1941 tenebras

383 1953 514 1986 Lucifer
540 1955 690 1996 effulgens

334 2000 504 2044 Effugavit‚
532 2004 672 2035 maculas

384 2050 510 2081 peccati
537 2051 716 2092 indulgens.

335 2129 409 2161 Fuit
435 2131 561 2170 quidem
591 2133 784 2173 desponsata

335 2177 461 2210 Christo
486 2189 603 2219 sponso
620 2190 736 2221 sponsa
752 2187 843 2222 grata

381 2226 422 2258 Et
450 2227 598 2259 caelestis
624 2228 702 2262 filia.

336 2308 423 2340 Haec
438 2313 496 2350 est,
511 2310 649 2353 inquam,
665 2312 754 2353 virgo
764 2323 840 2353 pru-

554 2358 641 2402 dens,

331 2405 418 2444 Quae
437 2406 567 2438 caelesti
586 2417 702 2448 sponso
719 2409 841 2442 nubens

378 2453 513 2494 Respuit
540 2455 723 2499 Olybrium3

932 1783 993 1817 lb.

931 1913 990 1946 2b.

929 2138 995 2172 3b.

926 2315 991 2349 4b.

1024 1785 1100 1817 Dies
1127 1787 1205 1819 haec
1231 1789 1262 1820 in
1289 1794 1394 1822 mente

1073 1834 1141 1866 iure
1169 1837 1349 1872 retinenda.

1022 1915 1091 1946 Hac
1118 1917 1169 1948 die
1193 1918 1380 1959 Margareta

1073 1964 1171 1996 Passa
1197 1967 1302 1998 caelos
1328 1969 1465 2013 scandit,

1024 2010 1169 2044 Resultet
1195 2015 1348 2058 ecccesia‚

1071 2084 1380 2097 ......

1029 2140 1128 2181 Virgo
1153 2151 1229 2174 vere
1255 2146 1411 2185 speciosa,

1026 2188 1121 2220 Velut
1146 2191 1214 2222 sine
1241 2193 1342 2233 spinis
1368 2204 1452 2235 rosa,

1072 2236 1222 2271 Candens
1249 2241 1333 2273 inter
1358 2243 1437 2278 lilia.

1024 2317 1185 2351 Christum
1197 2331 1331 2363 sequens
1340 2330 1445 2357 mente
1456 2336 1540 2367 pura

1020 2365 1090 2398 Diis
1118 2367 1195 2400 dare
1221 2375 1316 2412 negat
1339 2377 1422 2414 tura,

1069 2415 1236 2456 Reputans
1262 2419 1448 2456 ludibrium.
