1655 2713
714 149 975 186 —345—

627 259 696 292 358.
738 261 780 293 De
802 266 911 295 sancto
933 264 1068 306 lgnatio.

207 343 266 376 la.
298 343 448 377 Summus
474 347 604 385 praesul

348 399 398 424 est
422 394 643 427 Antiochenus

298 439 438 481 Eloquio

349 490 457 529 gravis
485 495 515 522 et
542 501 705 534 amoenus,

396 539 537 571 Anhelat
565 541 727 574 caelestia.

200 619 264 653 23.
300 619 456 659 Ignatius,

350 668 478 700 divinus
507 669 620 711 deifer,

297 715 524 749 Praedicando

349 763 452 796 sactus
480 771 529 797 est
554 767 670 808 legifer

397 812 525 846 Doeens
552 818 728 857 evangelia.

202 895 261 926 3a.
294 894 357 926 Hic
383 896 535 928 sacerdos

346 944 453 975 statim
486 943 638 986 efficitur,

297 992 430 1024 Praesul
457 993 547 1025 urbis

344 1041 480 1080 posthac
507 1042 644 1082 elegitur

393 1088 558 1121 Communi
585 1091 754 1124 sententia.

197 1171 258 1201 4a.
288 1169 333 1200 Et
358 1179 377 1201 a
403 1170 474 1202 loco

341 1217 474 1250 Romam
502 1220 702 1261 perducitur,

291 1266 481 1299 Vinculatus

340 1315 479 1354 plurima
510 1317 634 1355 patitur

387 1364 451 1395 Pro
478 1364 538 1396 Dei
565 1365 698 1399 iustitia.

195 1448 255 1478 5a.
288 1445 350 1477 Hic
377 1446 409 1477 in
437 1447 533 1486 cippo

338 1493 453 1526 ferreis
480 1495 608 1535 ligatur,

290 1542 354 1574 Per
379 1543 521 1574 triduum

335 1590 420 1623 fame
447 1591 620 1632 cruciatur,

385 1640 528 1672 Maxima
551 1642 703 1683 penuria3

189 1723 248 1755 6a.
280 1721 385 1762 Super
409 1731 530 1762 prunas

333 1771 439 1802 nudus
467 1771 645 1803 ambulavit

285 1818 398 1859 Neque
428 1819 557 1859 plantas

331 1868 451 1908 pedum
479 1869 643 1910 ustulavit,

382 1916 481 1949 Nulla
509 1916 543 1949 fit
570 1917 710 1951 adustio.

185 1999 244 2032 Ta.
278 1998 342 2031 Hic
367 1999 475 2031 leones

327 2057 441 2080 saevos
468 2048 678 2091 provocabat,

277 2096 331 2129 Ad
358 2097 537 2128 vorandum

329 2145 404 2177 illos
429 2145 600 2185 invitabat,

375 2193 431 2226 Fit
456 2194 580 2234 praeda
606 2193 764 2227 leonibus.

179 2277 242 2310 Sa.
278 2276 391 2320 „Sicut
416 2277 511 2318 panis

326 2325 457 2358 molitus
481 2324 633 2358 dentibus

276 2373 459 2406 Bestiarum

322 2423 370 2455 sic
395 2423 500 2455 molar
529 2422 691 2455 morsibus

372 2471 533 2505 Salutaris
563 2471 711 2513 victima3

905 352 963 386 la.
996 353 1124 386 Tertius
1156 359 1229 394 post

1049 402 1178 434 Petrum
1206 404 1387 443 apostolum

1000 449 1062 481 Pro
1090 452 1212 482 meritis

1045 500 1215 538 acquisivit
1243 501 1349 540 polum

1094 547 1134 578 Et
1162 548 1231 579 loca
1258 549 1417 583 sublimia.

899 626 962 660 21).
994 628 1060 659 Iste
1087 627 1145 659 fuit

1048 676 1198 708 Iohannis
1225 679 1364 718 auditor7

998 723 1200 756 Secretorum

1048 771 1151 804 factus
1178 779 1224 804 est
1253 776 1404 817 creditor,

1095 822 1249 861 Cognovit
1277 825 1439 863 mysteria.

900 901 962 933 Sb.
996 902 1160 941 Epistolas

1042 951 1160 982 multas
1188 953 1369 984 destinabat

990 999 1034 1030 Et
1060 1000 1100 1030 ad
1129 1000 1223 1030 tidem

1043 1047 1159 1078 multos
1186 1048 1343 1080 invitabat

1091 1095 1208 1127 Divina
1235 1097 1379 1131 scientia.

894 1175 958 1207 4b.
991 1176 1170 1208 Comitatur

1040 1224 1149 1256 decem
1177 1226 1351 1265 leopardis.

988 1273 1041 1304 Ad
1068 1275 1281 1313 torquendum

1037 1331 1099 1352 non
1127 1329 1173 1353 est
1203 1323 1278 1354 viris
1306 1324 1407 1355 tardis

1086 1370 1187 1402 Datus
1214 1380 1273 1410 pro
1300 1373 1457 1405 custodia.

891 1450 954 1483 5b.
988 1451 1031 1482 Et
1058 1452 1089 1482 in
1116 1452 1211 1483 dorso

1036 1500 1209 1538 plumbatis
1238 1500 1363 1542 feritur,

984 1547 1046 1578 Per
1072 1548 1175 1579 latera

1033 1597 1159 1635 ungulis
1187 1597 1352 1637 caeditur-3

1080 1645 1200 1685 Magna
1226 1648 1260 1677 tit
1288 1646 1415 1679 iniuria.

891 1725 950 1759 6b.
984 1727 1072 1767 Ignis
1099 1728 1228 1761 ardens,

1036 1785 1097 1807 non
1125 1786 1206 1816 aqua
1233 1776 1382 1817 bulliens,

984 1824 1152 1864 Intrepide

1032 1879 1191 1905 tormenta
1218 1876 1345 1913 patiens

1081 1922 1212 1953 Cunctis
1239 1923 1423 1956 admiratio.

886 2002 947 2037 7b.
981 2004 1140 2044 Ignatium

1028 2056 1105 2084 tnnc
1131 2052 1413 2092 praefocaverunt.

981 2100 1172 2133 Nullatenus

1026 2158 1155 2181 carnem
1184 2151 1358 2190 tetigerunt

1075 2198 1231 2230 Omnibus
1257 2200 1458 2236 mirantibus.

882 2279 945 2312 8b.
978 2280 1048 2320 Ego
1075 2280 1194 2312 Christi

1026 2338 1095 2360 sum
1123 2338 1237 2369 purum
1266 2329 1470 2370 frumentum7

979 2377 1100 2408 Venter
1126 2376 1215 2409 ferae

1028 2426 1090 2457 erit
1118 2432 1368 2467 monumentum,

1060 2474 1152 2507 Mors
1161 2484 1335 2516 poenarum
1344 2476 1467 2510 ultima.
1475 2476 1490 2490 “
