1655 2713
209 251 227 282 2
243 258 270 281 a.
303 251 492 283 Inconcussa

349 300 478 330 Cunctis
504 300 678 332 terroribus

301 345 358 377 Dei
385 347 470 378 iussa

349 394 518 434 Complens
544 395 692 436 operibus

393 442 558 474 InveniriS.

202 526 220 556 3
237 535 264 557 a.
296 527 489 557 A‹lusturarn

345 574 494 613 Corporis
521 576 641 614 pateris

294 621 334 651 Et
362 625 513 653 torturam

342 669 376 699 In
404 669 545 700 mammis
570 670 707 711 teneris;

389 715 474 748 Gens
501 718 643 757 miratur,

200 798 219 826 4
235 806 263 827 a.
300 796 500 835 Depre-cetur

340 845 465 883 Agatha
490 845 669 888 Dominum,

292 892 333 923 Ut
362 897 514 932 purgetur

337 941 365 971 A
393 940 465 971 labe
489 942 654 972 criminum

894 254 913 285 2
929 252 959 285 b.
991 253 1068 285 Post
1093 262 1248 293 percussa

1037 300 1206 332 Servorum
1233 301 1352 333 ictibus

987 348 1029 380 Et
1056 358 1190 381 excussa

1034 396 1206 437 Lignorum
1234 396 1376 430 fascibus

1081 445 1254 478 Stabiliris.

889 531 908 562 3
925 529 955 562 b.
989 530 1080 562 Senis
1106 540 1215 563 curam

1031 579 1067 611 In
1094 585 1186 611 antro
1213 581 1364 621 carceris,

983 626 1187 666 sepulturam

1029 675 1167 716 Dignam
1193 677 1225 707 in
1252 677 1367 708 ceteris

1078 724 1267 757 Veneratur.

889 804 909 834 4
924 801 954 835 b.
985 803 1171 836 Detestetur

1032 851 1150 883 Sordes
1175 854 1405 893 peccaminunn

978 898 1021 930 Ut
1046 900 1188 931 salvetur

1028 947 1129 978 Purus
1156 952 1227 987 post
1259 950 1427 993 terminum

387 988 539 1019 Praesens
566 989 689 1027 chorus.r
1070 995 1113 1026 Et
1141 997 1286 1030 decorus,

249 1075 384 1110 sequent.
408 1085 458 1102 ms.
477 1078 702 1106 Ravennatense
725 1067 793 1107 anni
818 1079 975 1109 1585—87.
994 1083 1062 1110 eod.
1080 1084 1209 1112 Classen.
1232 1083 1288 1112 360
1308 1085 1384 1116 (139.
1406 1087 1431 1114 5.
1448 1088 1488 1121 S).

171 1113 204 1139 A.
229 1129 263 1132 —
286 1114 407 1142 missale
429 1115 616 1143 Rutheneuse
638 1118 708 1151 imp.
730 1119 867 1154 Lugduni
887 1129 930 1146 ca.
955 1120 1036 1149 1540.
1059 1123 1081 1148 Β
1116 1137 1149 1141 -
1172 1124 1296 1152 Missale
1317 1126 1487 1153 Parisiense

171 1152 239 1186 imp.
262 1152 386 1178 Parisiis
412 1152 489 1180 1585.
513 1156 542 1180 C.
566 1169 601 1172 —
626 1154 685 1186 la,
710 1154 727 1182 2
749 1157 844 1184 Prolis
867 1159 898 1185 B.
921 1174 956 1178 —
982 1159 1042 1191 lb,
1067 1160 1079 1186 1
1103 1161 1198 1188 sordis
1220 1164 1304 1189 ΑΒΕ.
1326 1179 1364 1182 -
1387 1164 1447 1195 lb,
1470 1164 1488 1192 2

172 1189 294 1215 Fraudis
317 1191 451 1217 assiduae
475 1192 505 1217 B.
528 1208 565 1210 —
589 1192 644 1225 321,
666 1194 683 1219 3
705 1193 762 1221 Sed
787 1196 816 1222 B.
840 1210 873 1214 —
896 1196 951 1229 321,
974 1197 990 1224 5
1005 1199 1088 1225 Mens
1110 1200 1142 1225 Β.
1159 1216 1191 1219 -
1209 1199 1265 1231 43,
1290 1201 1302 1228 l
1321 1203 1487 1231 Iutercedat

169 1228 201 1253 B.
225 1242 261 1246 —
283 1227 339 1258 4³,
361 1227 378 1255 2
400 1229 435 1256 ad
458 1231 552 1257 Deum
575 1232 605 1258 B.
630 1246 662 1250 —
685 1232 741 1264 4³,
763 1232 781 1260 3
803 1234 885 1267 Quod
909 1237 1025 1263 recedat
1047 1238 1078 1264 B,
1100 1252 1135 1255 —
1151 1238 1207 1271 4b,
1233 1239 1245 1266 1
1269 1250 1332 1276 sqq.
1369 1242 1418 1268 sic
1442 1243 1486 1269 in-

169 1265 252 1291 cedat
271 1265 274 1300 Ι
294 1267 327 1292 Iu
350 1268 407 1293 viis
431 1268 580 1295 hominum
600 1268 603 1303 Ι
623 1269 662 1296 Ut
683 1271 801 1297 accedat
822 1273 855 1298 B.
878 1287 909 1292 —
930 1273 985 1306 41),
1008 1274 1026 1301 4
1046 1276 1140 1302 Purus
1163 1277 1198 1303 ad
1221 1279 1252 1305 B.

609 1400 655 1430 25.
698 1402 739 1431 De
762 1404 871 1432 sancta
893 1403 1028 1443 Agatha.

194 1475 254 1506 1a.
287 1476 415 1507 Christo
441 1477 552 1509 laudes
579 1480 791 1521 concinamus,

286 1523 362 1558 Nos.
379 1525 430 1563 qui
448 1530 576 1557 sanctae
594 1527 791 1560 celebramus

332 1572 478 1611 Agathac
504 1574 686 1614 sollemnia;

187 1658 249 1687 2a.
280 1658 412 1689 Florens
439 1659 544 1691 vultus
571 1661 737 1693 honestate

283 1705 323 1735 Et
350 1708 503 1738 sermonis
530 1714 694 1740 venustate

329 1753 455 1784 Placuit
482 1754 671 1790 hominibus,

184 1838 203 1869 3
219 1847 246 1871 a.
280 1838 381 1870 Huius
408 1839 492 1871 fama
518 1841 683 1874 redolebat

278 1886 318 1918 Et
346 1887 376 1917 in
405 1889 526 1919 cunctis
553 1891 737 1922 recurrebat

326 1934 529 1967 Saeculorum
557 1937 681 1971 tinibus,

277 1982 475 2020 Quintianus,
493 1993 602 2016 servus
618 1989 780 2026 pecuniae,

274 2029 372 2061 Totus
398 2032 529 2063 studens
555 2033 757 2066 idololatriae

323 2078 393 2109 Suis
421 2079 634 2112 tribunalibus

175 2164 193 2194 4
210 2171 239 2194 a.
272 2163 363 2194 Illam
390 2173 464 2204 ergo
491 2166 705 2199 deludendam

269 2212 331 2243 Sed
358 2221 377 2243 a
403 2221 477 2244 vero
505 2213 725 2248 dimovendam

315 2259 429 2291 Tradit
453 2261 682 2303 Aphrodisiae,

171 2347 233 2377 52.
264 2345 343 2377 Eius
377 2347 496 2388 quippe
528 2357 615 2380 mens
641 2348 777 2383 fundata

265 2393 306 2425 Et
333 2394 364 2425 in
393 2395 520 2428 Christo
546 2397 685 2430 solidata

312 2442 425 2474 Verbis
451 2445 552 2476 nescit
578 2446 702 2480 cedere.

880 1484 890 1513 1
913 1482 941 1516 b.
977 1484 1072 1524 Virgo
1100 1486 1187 1517 clara
1213 1489 1315 1528 stirpe
1341 1494 1426 1526 nata,

971 1532 1093 1564 Mundo
1118 1534 1259 1573 placens,
1293 1537 1360 1568 Deo
1387 1543 1478 1578 grata

1017 1581 1078 1612 Per
1104 1591 1225 1614 morum
1253 1584 1400 1624 insignia.

870 1666 888 1697 2
905 1665 935 1696 b.
967 1665 1029 1698 Sed
1042 1667 1112 1706 plus
1121 1669 1249 1702 Christo
1260 1672 1474 1710 complaceret

964 1715 1070 1754 Atque
1098 1716 1187 1747 bonis
1214 1720 1440 1761 praepolleret,
1490 1746 1494 1748 .

1012 1762 1143 1794 Studuit
1168 1766 1330 1804 operibus,

867 1847 931 1879 3b.
963 1848 1055 1879 Illam
1082 1849 1169 1881 iubet
1196 1855 1407 1894 praesentari,

962 1895 1004 1927 Ut
1032 1897 1168 1928 diversis
1194 1904 1405 1934 consummari

1010 1944 1116 1975 Possit
1142 1948 1354 1989 cruciatibus3

961 1991 1024 2023 Sed
1052 1995 1139 2031 prius
1166 1994 1330 2028 inflectere

959 2040 1076 2071 Tentat
1103 2046 1132 2072 et
1159 2044 1314 2076 seducere

1008 2087 1149 2120 Mentem
1177 2092 1269 2123 malis
1294 2094 1428 2130 artibus.

858 2173 879 2204 4
896 2171 926 2204 b.
958 2171 1022 2205 Sed
1047 2183 1106 2206 nec
1125 2175 1285 2209 Christum
1310 2180 1470 2222 abnegare

955 2220 1023 2252 Nec
1048 2225 1204 2255 consentit
1228 2227 1347 2260 violare

1006 2269 1080 2301 lura
1106 2273 1292 2310 pudicitiae.

861 2356 880 2387 5
897 2353 927 2387 b.
959 2355 1049 2387 Tunc
1073 2357 1206 2391 immitis
1231 2362 1422 2401 Quintianus

958 2403 1052 2436 Diros
1078 2412 1171 2445 parat
1198 2410 1358 2443 cruciatus

1000 2453 1051 2484 Ac
1077 2455 1185 2487 educit
1211 2466 1350 2495 carcere.
