1655 2713
706 121 968 155 —112—

202 211 222 242 2
236 220 266 245 a.
297 212 396 251 Quem
415 216 592 254 quaesitum
610 225 669 257 per
687 217 810 257 plateas
894 218 956 251 2b.
988 220 1092 252 Intrat
1124 220 1209 253 laeta
1240 223 1350 263 sponsi
1376 223 1506 255 thorum

299 261 389 293 Inter
415 263 571 303 virginum
599 266 730 296 choreas
991 267 1052 299 Per
1080 268 1259 310 phalangas
1284 270 1472 311 angelorum

343 310 434 341 Vidit
459 311 616 351 legentem
643 312 723 345 lilia.
1036 316 1152 348 Petens
1177 318 1295 350 amoris
1321 319 1477 352 osculum.

199 405 255 438 3a.
287 406 345 444 Qui
372 407 429 437 sub
456 412 584 447 sceptro
610 408 785 439 maiestatis
888 409 949 443 3b.
983 411 1080 442 Falce
1107 413 1218 444 mortis
1245 422 1284 446 ex
1312 415 1372 447 hoc
1397 416 1462 448 imo

293 453 434 492 Sponsae
460 463 589 494 regnum
617 456 772 487 claritatis
984 460 1164 492 Virescenti
1189 459 1278 494 floris
1305 470 1393 504 tymo

340 501 401 532 Dat
432 503 573 541 nuptiale
600 503 773 542 dosculum‚
1030 507 1495 548 Iungensrecisumflosculum.

197 599 255 627 4a.
287 597 341 626 Vis
367 597 494 631 amoris.
523 607 616 637 quarn
644 599 760 637 affecit,
883 601 946 634 4b.
977 601 1097 635 Fracto
1123 606 1229 637 carnis
1255 606 1421 640 alabastro

288 643 496 683 Exspectanti
524 656 583 676 non
612 646 740 685 defecit,
977 650 1031 682 Fit
1058 651 1165 684 vicina
1189 654 1267 685 solis
1293 660 1382 687 astro

337 693 491 724 Pulchrae
510 693 659 726 Rachelis
685 693 794 729 facies.
1027 698 1101 731 Post
1127 700 1281 733 hiemales
1307 703 1436 742 glacies.

196 788 256 819 5a.
288 791 385 825 Quam
422 789 495 819 dum
530 791 640 829 poeuis
666 800 797 831 praeses
883 793 945 826 5b.
977 795 1066 827 Haec
1093 796 1305 837 Theophilum
1332 800 1474 832 armavit

567 839 695 877 pressit,
978 842 1128 875 Floribus
1155 849 1187 876 et
1212 847 1315 888 malis,
1344 847 1424 879 lavit

289 882 444 914 Ordinata
470 894 531 916 non
558 886 722 928 abscessit,
1024 891 1153 923 Error-is
1179 903 1199 925 a
1225 895 1366 937 vesania,

335 931 429 963 Stans
453 937 487 962 ut
505 937 681 965 castrorum
698 935 794 967 acies.

194 1025 253 1056 Ga.
283 1024 325 1055 Et
352 1035 477 1058 sorores
504 1030 676 1067 revocavit,
889 1031 950 1065 6b.
983 1033 1082 1066 Simul
1108 1036 1139 1067 in
1168 1042 1341 1077 conspectu
1366 1039 1473 1072 throni

289 1072 416 1105 Christo
444 1076 663 1108 reconciliavit
983 1080 1075 1113 Stant
1101 1088 1131 1113 et
1152 1084 1262 1116 vident
1280 1084 1398 1117 fontem
1417 1087 1492 1120 boni

336 1121 531 1154 Meditantes
557 1124 674 1156 inania.
1030 1131 1095 1162 Iam
1111 1130 1213 1162 Deum
1232 1141 1291 1172 per
1308 1135 1492 1169 essentiam.

193 1214 250 1247 7a.
282 1215 378 1255 Virgo
396 1217 544 1257 clemens,
566 1228 658 1251 serva
672 1225 797 1259 gentem
885 1223 947 1258 7b.
978 1225 1022 1257 Ut
1047 1234 1204 1265 persuasu
1231 1228 1409 1269 Thecuitis‚

285 1263 368 1294 Tuas
401 1274 518 1303 poenas
544 1267 746 1306 recolentem,
978 1272 1076 1304 Manu
1104 1272 1208 1316 fortis,
1237 1277 1334 1308 corde
1361 1278 1457 1316 mitis,

330 1312 443 1343 Funde
481 1322 610 1352 precum
646 1314 794 1355 frequen-
1021 1320 1137 1352 Mortis
1172 1323 1259 1355 laxet
1289 1326 1492 1362 sententiam.

566 1362 654 1401 tiam,

188 1452 207 1484 8
219 1460 247 1483 a.
278 1452 432 1486 Transfer
451 1465 506 1488 nos
524 1458 565 1488 ad
580 1467 789 1497 supernorum
877 1463 896 1494 8
909 1461 938 1494 b.
971 1462 1182 1497 Fluctuantes
1210 1467 1271 1498 duc
1288 1468 1330 1500 ad
1348 1474 1487 1510 portum,

284 1500 408 1539 Festos,
437 1503 549 1536 choros
575 1506 769 1549 angelorum,
973 1510 1088 1550 Sponsi
1114 1514 1221 1552 pande
1247 1516 1340 1548 nobis
1360 1517 1488 1550 hortum

335 1550 428 1581 prata
454 1560 580 1591 semper
604 1553 760 1595 virentia;
1020 1559 1061 1591 Et
1088 1570 1182 1600 poma
1208 1562 1402 1605 redolentia,

509 1648 540 1679 9.
568 1648 673 1687 Ipsum
701 1653 805 1681 tecum
833 1655 867 1682 ut
892 1652 1055 1685 ludentem

567 1696 837 1739 Contemplemur,
867 1699 1088 1740 disponentem

609 1744 727 1783 Rerum
754 1754 866 1778 causas
893 1752 924 1779 et
950 1750 1045 1784 entia.

237 1832 319 1859 Miss.
342 1842 395 1860 ms.
419 1835 595 1864 Pataviense
618 1845 692 1864 saec.
717 1837 760 1866 14.
783 1840 854 1866 Cod.
875 1841 995 1870 Florian
1016 1845 1059 1871 XI
1072 1842 1138 1873 388.
1153 1861 1191 1865 —
1206 1848 1263 1875 Die
1282 1848 1485 1880 Schlussverse

159 1869 210 1896 der
230 1870 452 1907 Halbstrophen
486 1875 595 1902 reimen
624 1878 695 1903 stets
719 1877 749 1912 je
770 1876 788 1905 3
808 1878 879 1906 Mal.
919 1880 994 1908 Eine
1016 1884 1186 1913 Ausnahme
1206 1887 1306 1915 maeht
1327 1889 1379 1917 der
1399 1891 1485 1918 Reim

158 1908 211 1934 auf
230 1908 292 1943 „ia‘·'
322 1911 352 1936 in
374 1909 435 1942 51³,
463 1909 480 1938 3
510 1914 568 1939 und
590 1911 648 1945 ea,
675 1914 706 1944 3.
735 1916 786 1943 der
807 1926 863 1944 nur
883 1916 901 1944 2
921 1919 982 1946 Mal
1004 1921 1165 1956 erscheint;
1188 1925 1224 1952 ob
1247 1926 1310 1954 also
1332 1927 1398 1956 dort
1417 1930 1484 1957 eine

158 1947 358 1983 Halbstrophe
380 1949 474 1976 fehlt?
497 1965 531 1970 —
555 1953 609 1978 Am
631 1953 748 1980 Schluss
770 1956 813 1982 ist
833 1956 959 1992 Strophe
980 1956 1022 1985 &b
1044 1961 1196 1989 nochmals
1218 1966 1366 2000 repetiert,

592 2122 644 2153 116.
687 2123 727 2154 De
748 2127 858 2156 sancta
878 2126 1058 2168 Dor-othoni

181 2217 237 2248 la.
272 2217 374 2249 Mittit
400 2219 441 2250 ad
468 2220 622 2260 virginem
871 2226 933 2260 1b.
965 2227 1056 2260 Forti
1083 2230 1242 2272 subripiat

274 2264 423 2297 Sanctam
450 2267 654 2310 Dorotheam,
964 2276 1041 2308 Cum
1068 2278 1242 2319 violentia;

272 2312 317 2345 Ut
341 2315 614 2354 pulchritudinem
961 2324 1007 2357 Ut
1032 2325 1114 2358 hanc
1141 2329 1268 2369 eripiat,

269 2362 376 2402 Atque
401 2364 565 2396 aureolam
958 2372 1019 2404 Dei
1045 2374 1216 2410 clementia

318 2410 485 2450 Tyrannus
511 2413 626 2454 impius
1011 2422 1107 2454 Astat
1133 2427 1304 2466 propitius,
