<?xml version="1.0" encoding="UTF-8"?>
<!DOCTYPE html PUBLIC "-//W3C//DTD XHTML 1.0 Transitional//EN"
    "http://www.w3.org/TR/xhtml1/DTD/xhtml1-transitional.dtd">
<html xmlns="http://www.w3.org/1999/xhtml" xml:lang="en" lang="en">
 <head>
  <title>
</title>
<meta http-equiv="Content-Type" content="text/html;charset=utf-8" />
  <meta name='ocr-system' content='tesseract 3.04.00' />
  <meta name='ocr-capabilities' content='ocr_page ocr_carea ocr_par ocr_line ocrx_word'/>
</head>
<body>
  <div class='ocr_page' id='page_1' title='image "./analectahymnica44drevuoft_0020.png"; bbox 0 0 1655 2713; ppageno 0'>
   <div class='ocr_carea' id='block_1_1' title="bbox 562 281 1080 314">
    <p class='ocr_par' dir='ltr' id='par_1_1' title="bbox 562 281 1080 314">
     <span class='ocr_line' id='line_1_1' title="bbox 562 281 1080 314; baseline 0 -1"><span class='ocrx_word' id='word_1_1' title='bbox 562 281 588 313; x_wconf 86' lang='grc'>7.</span> <span class='ocrx_word' id='word_1_2' title='bbox 630 281 664 312; x_wconf 87' lang='lat' dir='ltr'>ln</span> <span class='ocrx_word' id='word_1_3' title='bbox 686 281 889 314; x_wconf 79' lang='lat' dir='ltr'>Dedicaticne</span> <span class='ocrx_word' id='word_1_4' title='bbox 909 281 1080 313; x_wconf 77' lang='lat' dir='ltr'>Ecclesiae.</span> 
     </span>
    </p>
   </div>
   <div class='ocr_carea' id='block_1_2' title="bbox 530 371 1062 507">
    <p class='ocr_par' dir='ltr' id='par_1_2' title="bbox 530 371 1062 507">
     <span class='ocr_line' id='line_1_2' title="bbox 530 371 1059 415; baseline 0.002 -12"><span class='ocrx_word' id='word_1_5' title='bbox 530 371 559 403; x_wconf 91' lang='lat'>1.</span> <span class='ocrx_word' id='word_1_6' title='bbox 599 371 729 404; x_wconf 87' lang='lat' dir='ltr'><strong>Laudes</strong></span> <span class='ocrx_word' id='word_1_7' title='bbox 754 372 825 404; x_wconf 87' lang='lat' dir='ltr'>Deo</span> <span class='ocrx_word' id='word_1_8' title='bbox 849 372 1059 415; x_wconf 81' lang='lat' dir='ltr'><strong>modulemur,</strong></span> 
     </span>
     <span class='ocr_line' id='line_1_3' title="bbox 599 419 1062 463; baseline 0.002 -12"><span class='ocrx_word' id='word_1_9' title='bbox 599 419 666 451; x_wconf 88' lang='lat' dir='ltr'>Nos</span> <span class='ocrx_word' id='word_1_10' title='bbox 693 421 747 460; x_wconf 86' lang='lat' dir='ltr'>qui</span> <span class='ocrx_word' id='word_1_11' title='bbox 772 420 841 453; x_wconf 88' lang='lat' dir='ltr'>Deo</span> <span class='ocrx_word' id='word_1_12' title='bbox 867 420 1062 463; x_wconf 82' lang='lat' dir='ltr'>confitemur,</span> 
     </span>
     <span class='ocr_line' id='line_1_4' title="bbox 647 468 973 507; baseline 0.006 -8"><span class='ocrx_word' id='word_1_13' title='bbox 647 469 727 507; x_wconf 82' lang='lat' dir='ltr'><strong>Quia</strong></span> <span class='ocrx_word' id='word_1_14' title='bbox 754 468 833 500; x_wconf 86' lang='lat' dir='ltr'>fecit</span> <span class='ocrx_word' id='word_1_15' title='bbox 857 469 973 504; x_wconf 80' lang='lat' dir='ltr'>omnia.</span> 
     </span>
    </p>
   </div>
   <div class='ocr_carea' id='block_1_3' title="bbox 182 559 727 789">
    <p class='ocr_par' dir='ltr' id='par_1_3' title="bbox 182 559 727 789">
     <span class='ocr_line' id='line_1_5' title="bbox 182 559 543 594; baseline 0.011 -4"><span class='ocrx_word' id='word_1_16' title='bbox 182 559 246 590; x_wconf 76' lang='lat'>22..</span> <span class='ocrx_word' id='word_1_17' title='bbox 278 561 350 592; x_wconf 87' lang='lat' dir='ltr'>Vox</span> <span class='ocrx_word' id='word_1_18' title='bbox 377 561 543 594; x_wconf 81' lang='lat' dir='ltr'><strong>dulcescat</strong></span> 
     </span>
     <span class='ocr_line' id='line_1_6' title="bbox 278 607 536 651; baseline 0.012 -12"><span class='ocrx_word' id='word_1_19' title='bbox 278 607 348 640; x_wconf 88' lang='lat' dir='ltr'>Nec</span> <span class='ocrx_word' id='word_1_20' title='bbox 371 609 536 651; x_wconf 84' lang='lat' dir='ltr'>lassescat,</span> 
     </span>
     <span class='ocr_line' id='line_1_7' title="bbox 325 657 569 690; baseline 0.008 -2"><span class='ocrx_word' id='word_1_21' title='bbox 325 657 395 689; x_wconf 89' lang='lat' dir='ltr'>Vox</span> <span class='ocrx_word' id='word_1_22' title='bbox 422 659 569 690; x_wconf 89' lang='lat' dir='ltr'>sublimis</span> 
     </span>
     <span class='ocr_line' id='line_1_8' title="bbox 326 705 558 738; baseline 0.004 -1"><span class='ocrx_word' id='word_1_23' title='bbox 326 705 392 737; x_wconf 92' lang='lat' dir='ltr'>Nos</span> <span class='ocrx_word' id='word_1_24' title='bbox 418 706 459 738; x_wconf 84' lang='lat' dir='ltr'>ab</span> <span class='ocrx_word' id='word_1_25' title='bbox 485 707 558 738; x_wconf 90' lang='lat' dir='ltr'>imis</span> 
     </span>
     <span class='ocr_line' id='line_1_9' title="bbox 374 754 727 789; baseline 0.008 -4"><span class='ocrx_word' id='word_1_26' title='bbox 374 754 476 786; x_wconf 85' lang='lat' dir='ltr'>Levet</span> <span class='ocrx_word' id='word_1_27' title='bbox 500 755 542 786; x_wconf 88' lang='lat' dir='ltr'>ad</span> <span class='ocrx_word' id='word_1_28' title='bbox 568 755 727 789; x_wconf 89' lang='lat' dir='ltr'>sublimia.</span> 
     </span>
    </p>
   </div>
   <div class='ocr_carea' id='block_1_4' title="bbox 179 838 789 1167">
    <p class='ocr_par' dir='ltr' id='par_1_4' title="bbox 179 838 789 1167">
     <span class='ocr_line' id='line_1_10' title="bbox 179 838 789 881; baseline 0.007 -12"><span class='ocrx_word' id='word_1_29' title='bbox 179 839 199 870; x_wconf 91' lang='lat'><strong>3</strong></span> <span class='ocrx_word' id='word_1_30' title='bbox 215 847 245 870; x_wconf 92' lang='lat' dir='ltr'>a.</span> <span class='ocrx_word' id='word_1_31' title='bbox 278 838 410 870; x_wconf 86' lang='lat' dir='ltr'><strong>Reddat</strong></span> <span class='ocrx_word' id='word_1_32' title='bbox 431 839 512 878; x_wconf 88' lang='lat' dir='ltr'>Deo,</span> <span class='ocrx_word' id='word_1_33' title='bbox 539 840 622 879; x_wconf 93' lang='lat' dir='ltr'>quod</span> <span class='ocrx_word' id='word_1_34' title='bbox 651 843 698 872; x_wconf 85' lang='lat' dir='ltr'>est</span> <span class='ocrx_word' id='word_1_35' title='bbox 718 841 789 881; x_wconf 89' lang='lat' dir='ltr'>Dei,</span> 
     </span>
     <span class='ocr_line' id='line_1_11' title="bbox 275 886 732 930; baseline 0.007 -14"><span class='ocrx_word' id='word_1_36' title='bbox 275 886 427 926; x_wconf 83' lang='lat' dir='ltr'><strong>Quisquis</strong></span> <span class='ocrx_word' id='word_1_37' title='bbox 454 887 551 927; x_wconf 87' lang='lat' dir='ltr'>digna</span> <span class='ocrx_word' id='word_1_38' title='bbox 577 888 667 919; x_wconf 83' lang='lat' dir='ltr'>novit</span> <span class='ocrx_word' id='word_1_39' title='bbox 692 889 732 930; x_wconf 89' lang='lat' dir='ltr'>ei,</span> 
     </span>
     <span class='ocr_line' id='line_1_12' title="bbox 324 933 692 976; baseline 0.008 -12"><span class='ocrx_word' id='word_1_40' title='bbox 324 933 365 965; x_wconf 89' lang='lat' dir='ltr'>Et</span> <span class='ocrx_word' id='word_1_41' title='bbox 393 934 453 966; x_wconf 87' lang='lat' dir='ltr'>hoc</span> <span class='ocrx_word' id='word_1_42' title='bbox 479 935 512 966; x_wconf 91' lang='lat' dir='ltr'>in</span> <span class='ocrx_word' id='word_1_43' title='bbox 539 936 692 976; x_wconf 74' lang='lat' dir='ltr'>ecelesia3</span> 
     </span>
     <span class='ocr_line' id='line_1_13' title="bbox 273 981 491 1014; baseline 0.005 -1"><span class='ocrx_word' id='word_1_44' title='bbox 273 981 378 1013; x_wconf 84' lang='lat' dir='ltr'>Extra</span> <span class='ocrx_word' id='word_1_45' title='bbox 404 986 491 1014; x_wconf 89' lang='lat' dir='ltr'>certe</span> 
     </span>
     <span class='ocr_line' id='line_1_14' title="bbox 325 1031 690 1063; baseline 0.008 -3"><span class='ocrx_word' id='word_1_46' title='bbox 325 1034 466 1062; x_wconf 85' lang='lat' dir='ltr'>nostram</span> <span class='ocrx_word' id='word_1_47' title='bbox 500 1031 690 1063; x_wconf 78' lang='lat' dir='ltr'>catholicam</span> 
     </span>
     <span class='ocr_line' id='line_1_15' title="bbox 272 1077 787 1112; baseline 0.006 -4"><span class='ocrx_word' id='word_1_48' title='bbox 272 1077 465 1110; x_wconf 74' lang='lat' dir='ltr'>victimaret</span> <span class='ocrx_word' id='word_1_49' title='bbox 478 1078 584 1110; x_wconf 84' lang='lat' dir='ltr'>labem</span> <span class='ocrx_word' id='word_1_50' title='bbox 594 1079 787 1112; x_wconf 85' lang='lat' dir='ltr'>haereticam</span> 
     </span>
     <span class='ocr_line' id='line_1_16' title="bbox 322 1125 656 1167; baseline 0.009 -10"><span class='ocrx_word' id='word_1_51' title='bbox 322 1125 364 1157; x_wconf 86' lang='lat' dir='ltr'>Et</span> <span class='ocrx_word' id='word_1_52' title='bbox 391 1127 656 1167; x_wconf 82' lang='lat' dir='ltr'>contemptibilia.</span> 
     </span>
    </p>
   </div>
   <div class='ocr_carea' id='block_1_5' title="bbox 175 1212 783 1352">
    <p class='ocr_par' dir='ltr' id='par_1_5' title="bbox 175 1212 783 1352">
     <span class='ocr_line' id='line_1_17' title="bbox 175 1212 782 1253; baseline 0.003 -9"><span class='ocrx_word' id='word_1_53' title='bbox 175 1212 240 1244; x_wconf 74' lang='lat'>42.</span> <span class='ocrx_word' id='word_1_54' title='bbox 273 1212 378 1245; x_wconf 89' lang='lat' dir='ltr'>Unam</span> <span class='ocrx_word' id='word_1_55' title='bbox 406 1213 534 1245; x_wconf 90' lang='lat' dir='ltr'>domum</span> <span class='ocrx_word' id='word_1_56' title='bbox 560 1214 658 1246; x_wconf 87' lang='lat' dir='ltr'>habet</span> <span class='ocrx_word' id='word_1_57' title='bbox 684 1215 782 1253; x_wconf 89' lang='lat' dir='ltr'>Deus,</span> 
     </span>
     <span class='ocr_line' id='line_1_18' title="bbox 272 1260 783 1303; baseline 0.008 -12"><span class='ocrx_word' id='word_1_58' title='bbox 272 1260 326 1292; x_wconf 84' lang='lat' dir='ltr'>Ad</span> <span class='ocrx_word' id='word_1_59' title='bbox 345 1270 440 1300; x_wconf 87' lang='lat' dir='ltr'>quam</span> <span class='ocrx_word' id='word_1_60' title='bbox 460 1260 539 1302; x_wconf 84' lang='lat' dir='ltr'>fugit</span> <span class='ocrx_word' id='word_1_61' title='bbox 558 1262 692 1303; x_wconf 85' lang='lat' dir='ltr'>quisque</span> <span class='ocrx_word' id='word_1_62' title='bbox 710 1272 783 1295; x_wconf 88' lang='lat' dir='ltr'>reus</span> 
     </span>
     <span class='ocr_line' id='line_1_19' title="bbox 318 1309 662 1352; baseline 0.006 -12"><span class='ocrx_word' id='word_1_63' title='bbox 318 1309 420 1341; x_wconf 88' lang='lat' dir='ltr'>Actus</span> <span class='ocrx_word' id='word_1_64' title='bbox 446 1311 662 1352; x_wconf 82' lang='lat' dir='ltr'>paenitentia3</span> 
     </span>
    </p>
   </div>
   <div class='ocr_carea' id='block_1_6' title="bbox 172 1395 783 1535">
    <p class='ocr_par' dir='ltr' id='par_1_6' title="bbox 172 1395 783 1535">
     <span class='ocr_line' id='line_1_20' title="bbox 172 1395 783 1438; baseline 0.005 -11"><span class='ocrx_word' id='word_1_65' title='bbox 172 1397 192 1427; x_wconf 88' lang='grc'><strong>5</strong></span> <span class='ocrx_word' id='word_1_66' title='bbox 210 1404 240 1428; x_wconf 87' lang='lat' dir='ltr'>a.</span> <span class='ocrx_word' id='word_1_67' title='bbox 273 1395 380 1428; x_wconf 87' lang='lat' dir='ltr'>Unam</span> <span class='ocrx_word' id='word_1_68' title='bbox 399 1396 486 1428; x_wconf 88' lang='lat' dir='ltr'>Deus</span> <span class='ocrx_word' id='word_1_69' title='bbox 513 1406 664 1437; x_wconf 84' lang='lat' dir='ltr'><strong>sponsam</strong></span> <span class='ocrx_word' id='word_1_70' title='bbox 686 1402 783 1438; x_wconf 86' lang='lat' dir='ltr'>amat,</span> 
     </span>
     <span class='ocr_line' id='line_1_21' title="bbox 272 1443 745 1486; baseline 0.006 -11"><span class='ocrx_word' id='word_1_71' title='bbox 272 1443 377 1476; x_wconf 84' lang='lat' dir='ltr'>Unam</span> <span class='ocrx_word' id='word_1_72' title='bbox 404 1454 492 1476; x_wconf 86' lang='lat' dir='ltr'>suam</span> <span class='ocrx_word' id='word_1_73' title='bbox 521 1454 591 1477; x_wconf 86' lang='lat' dir='ltr'>esse</span> <span class='ocrx_word' id='word_1_74' title='bbox 618 1447 745 1486; x_wconf 87' lang='lat' dir='ltr'>clamat,</span> 
     </span>
     <span class='ocr_line' id='line_1_22' title="bbox 320 1492 676 1535; baseline 0.003 -10"><span class='ocrx_word' id='word_1_75' title='bbox 320 1492 384 1525; x_wconf 91' lang='lat' dir='ltr'>Uni</span> <span class='ocrx_word' id='word_1_76' title='bbox 412 1494 466 1525; x_wconf 88' lang='lat' dir='ltr'>dat</span> <span class='ocrx_word' id='word_1_77' title='bbox 493 1495 676 1535; x_wconf 80' lang='lat' dir='ltr'>sponsalia3</span> 
     </span>
    </p>
   </div>
   <div class='ocr_carea' id='block_1_7' title="bbox 173 1578 788 1718">
    <p class='ocr_par' dir='ltr' id='par_1_7' title="bbox 173 1578 788 1718">
     <span class='ocr_line' id='line_1_23' title="bbox 173 1578 742 1623; baseline 0.002 -12"><span class='ocrx_word' id='word_1_78' title='bbox 173 1579 241 1611; x_wconf 74' lang='lat' dir='ltr'>Ga.</span> <span class='ocrx_word' id='word_1_79' title='bbox 276 1578 370 1610; x_wconf 89' lang='lat' dir='ltr'>Illam</span> <span class='ocrx_word' id='word_1_80' title='bbox 397 1579 486 1610; x_wconf 87' lang='lat' dir='ltr'>Deus</span> <span class='ocrx_word' id='word_1_81' title='bbox 512 1580 742 1623; x_wconf 84' lang='lat' dir='ltr'>praesignavit,</span> 
     </span>
     <span class='ocr_line' id='line_1_24' title="bbox 271 1626 788 1666; baseline 0.006 -9"><span class='ocrx_word' id='word_1_82' title='bbox 271 1626 351 1658; x_wconf 91' lang='lat' dir='ltr'>Cum</span> <span class='ocrx_word' id='word_1_83' title='bbox 385 1636 445 1666; x_wconf 88' lang='lat' dir='ltr'>per</span> <span class='ocrx_word' id='word_1_84' title='bbox 470 1627 573 1660; x_wconf 87' lang='lat' dir='ltr'>Evam</span> <span class='ocrx_word' id='word_1_85' title='bbox 598 1627 788 1662; x_wconf 80' lang='lat' dir='ltr'>reformavit</span> 
     </span>
     <span class='ocr_line' id='line_1_25' title="bbox 315 1674 665 1718; baseline 0.006 -12"><span class='ocrx_word' id='word_1_86' title='bbox 315 1674 447 1707; x_wconf 87' lang='lat' dir='ltr'>Lateris</span> <span class='ocrx_word' id='word_1_87' title='bbox 475 1676 665 1718; x_wconf 79' lang='lat' dir='ltr'>dispendia3</span> 
     </span>
    </p>
   </div>
   <div class='ocr_carea' id='block_1_8' title="bbox 173 1762 759 1902">
    <p class='ocr_par' dir='ltr' id='par_1_8' title="bbox 173 1762 759 1902">
     <span class='ocr_line' id='line_1_26' title="bbox 173 1762 759 1802; baseline 0.005 -9"><span class='ocrx_word' id='word_1_88' title='bbox 173 1762 191 1794; x_wconf 84' lang='lat'>7</span> <span class='ocrx_word' id='word_1_89' title='bbox 207 1771 237 1794; x_wconf 87' lang='lat' dir='ltr'>a.</span> <span class='ocrx_word' id='word_1_90' title='bbox 272 1763 365 1794; x_wconf 88' lang='lat' dir='ltr'>Hanc</span> <span class='ocrx_word' id='word_1_91' title='bbox 391 1763 421 1794; x_wconf 92' lang='lat' dir='ltr'>in</span> <span class='ocrx_word' id='word_1_92' title='bbox 449 1766 544 1802; x_wconf 87' lang='lat' dir='ltr'>petra</span> <span class='ocrx_word' id='word_1_93' title='bbox 571 1764 759 1797; x_wconf 90' lang='lat' dir='ltr'>dormientis</span> 
     </span>
     <span class='ocr_line' id='line_1_27' title="bbox 268 1811 722 1852; baseline 0.007 -11"><span class='ocrx_word' id='word_1_94' title='bbox 268 1811 312 1842; x_wconf 90' lang='lat' dir='ltr'>Et</span> <span class='ocrx_word' id='word_1_95' title='bbox 336 1811 377 1842; x_wconf 88' lang='lat' dir='ltr'>de</span> <span class='ocrx_word' id='word_1_96' title='bbox 403 1812 492 1843; x_wconf 84' lang='lat' dir='ltr'>scala</span> <span class='ocrx_word' id='word_1_97' title='bbox 518 1814 722 1852; x_wconf 81' lang='lat' dir='ltr'>pavescentis</span> 
     </span>
     <span class='ocr_line' id='line_1_28' title="bbox 318 1859 726 1902; baseline 0.002 -10"><span class='ocrx_word' id='word_1_98' title='bbox 318 1859 562 1900; x_wconf 87' lang='lat' dir='ltr'>Prophetabant</span> <span class='ocrx_word' id='word_1_99' title='bbox 587 1861 726 1902; x_wconf 80' lang='lat' dir='ltr'>somnia3</span> 
     </span>
    </p>
   </div>
   <div class='ocr_carea' id='block_1_9' title="bbox 170 1945 784 2088">
    <p class='ocr_par' dir='ltr' id='par_1_9' title="bbox 170 1945 784 2088">
     <span class='ocr_line' id='line_1_29' title="bbox 170 1945 714 1980; baseline 0.004 -2"><span class='ocrx_word' id='word_1_100' title='bbox 170 1945 236 1980; x_wconf 79' lang='lat' dir='ltr'>sa.</span> <span class='ocrx_word' id='word_1_101' title='bbox 271 1945 360 1978; x_wconf 83' lang='lat' dir='ltr'>Haec</span> <span class='ocrx_word' id='word_1_102' title='bbox 385 1951 435 1978; x_wconf 89' lang='lat' dir='ltr'>est</span> <span class='ocrx_word' id='word_1_103' title='bbox 459 1956 536 1979; x_wconf 88' lang='lat' dir='ltr'>arca</span> <span class='ocrx_word' id='word_1_104' title='bbox 562 1948 714 1980; x_wconf 84' lang='lat' dir='ltr'>salutaris</span> 
     </span>
     <span class='ocr_line' id='line_1_30' title="bbox 271 1995 784 2036; baseline 0.006 -10"><span class='ocrx_word' id='word_1_105' title='bbox 271 1995 359 2034; x_wconf 81' lang='lat' dir='ltr'>Quae</span> <span class='ocrx_word' id='word_1_106' title='bbox 385 2005 445 2035; x_wconf 84' lang='lat' dir='ltr'>per</span> <span class='ocrx_word' id='word_1_107' title='bbox 470 2006 569 2036; x_wconf 88' lang='lat' dir='ltr'>aquas</span> <span class='ocrx_word' id='word_1_108' title='bbox 595 2001 669 2029; x_wconf 89' lang='lat' dir='ltr'>acta</span> <span class='ocrx_word' id='word_1_109' title='bbox 687 1997 784 2029; x_wconf 89' lang='lat' dir='ltr'>maris</span> 
     </span>
     <span class='ocr_line' id='line_1_31' title="bbox 317 2043 672 2088; baseline 0.008 -13"><span class='ocrx_word' id='word_1_110' title='bbox 317 2043 531 2077; x_wconf 90' lang='lat' dir='ltr'>Conservavit</span> <span class='ocrx_word' id='word_1_111' title='bbox 556 2047 672 2088; x_wconf 91' lang='lat' dir='ltr'>omnia,</span> 
     </span>
    </p>
   </div>
   <div class='ocr_carea' id='block_1_10' title="bbox 169 2130 784 2270">
    <p class='ocr_par' dir='ltr' id='par_1_10' title="bbox 169 2130 784 2270">
     <span class='ocr_line' id='line_1_32' title="bbox 169 2130 784 2166; baseline 0.007 -4"><span class='ocrx_word' id='word_1_112' title='bbox 169 2131 191 2163; x_wconf 87' lang='lat'>9</span> <span class='ocrx_word' id='word_1_113' title='bbox 206 2140 236 2163; x_wconf 88' lang='lat' dir='ltr'>a.</span> <span class='ocrx_word' id='word_1_114' title='bbox 270 2130 365 2163; x_wconf 90' lang='lat' dir='ltr'>Hanc</span> <span class='ocrx_word' id='word_1_115' title='bbox 381 2131 547 2164; x_wconf 80' lang='lat' dir='ltr'>ditandam</span> <span class='ocrx_word' id='word_1_116' title='bbox 563 2136 595 2164; x_wconf 91' lang='lat' dir='ltr'>et</span> <span class='ocrx_word' id='word_1_117' title='bbox 604 2134 784 2166; x_wconf 86' lang='lat' dir='ltr'>ornandam</span> 
     </span>
     <span class='ocr_line' id='line_1_33' title="bbox 266 2179 690 2214; baseline 0.005 -3"><span class='ocrx_word' id='word_1_118' title='bbox 266 2179 362 2212; x_wconf 88' lang='lat' dir='ltr'>Veris</span> <span class='ocrx_word' id='word_1_119' title='bbox 389 2179 482 2213; x_wconf 83' lang='lat' dir='ltr'>bonis</span> <span class='ocrx_word' id='word_1_120' title='bbox 509 2181 690 2214; x_wconf 88' lang='lat' dir='ltr'>Salomonis</span> 
     </span>
     <span class='ocr_line' id='line_1_34' title="bbox 316 2228 670 2270; baseline 0.006 -10"><span class='ocrx_word' id='word_1_121' title='bbox 316 2228 479 2261; x_wconf 86' lang='lat' dir='ltr'>Dicebant</span> <span class='ocrx_word' id='word_1_122' title='bbox 504 2230 670 2270; x_wconf 84' lang='lat' dir='ltr'>mysteria,</span> 
     </span>
    </p>
   </div>
   <div class='ocr_carea' id='block_1_11' title="bbox 140 2315 781 2549">
    <p class='ocr_par' dir='ltr' id='par_1_11' title="bbox 140 2315 781 2549">
     <span class='ocr_line' id='line_1_35' title="bbox 140 2315 781 2357; baseline 0 -9"><span class='ocrx_word' id='word_1_123' title='bbox 140 2315 186 2348; x_wconf 89' lang='lat'>10</span> <span class='ocrx_word' id='word_1_124' title='bbox 199 2324 229 2348; x_wconf 91' lang='lat' dir='ltr'>a.</span> <span class='ocrx_word' id='word_1_125' title='bbox 266 2315 356 2348; x_wconf 86' lang='lat' dir='ltr'>Haec</span> <span class='ocrx_word' id='word_1_126' title='bbox 377 2320 428 2348; x_wconf 86' lang='lat' dir='ltr'>est</span> <span class='ocrx_word' id='word_1_127' title='bbox 441 2316 532 2356; x_wconf 86' lang='lat' dir='ltr'>pacis</span> <span class='ocrx_word' id='word_1_128' title='bbox 545 2316 623 2349; x_wconf 87' lang='lat' dir='ltr'>urbs</span> <span class='ocrx_word' id='word_1_129' title='bbox 639 2320 671 2348; x_wconf 89' lang='lat' dir='ltr'>et</span> <span class='ocrx_word' id='word_1_130' title='bbox 685 2317 781 2357; x_wconf 85' lang='lat' dir='ltr'>vitae,</span> 
     </span>
     <span class='ocr_line' id='line_1_36' title="bbox 266 2364 739 2406; baseline -0.002 -9"><span class='ocrx_word' id='word_1_131' title='bbox 266 2364 366 2397; x_wconf 88' lang='lat' dir='ltr'>Cuius</span> <span class='ocrx_word' id='word_1_132' title='bbox 391 2368 507 2405; x_wconf 85' lang='lat' dir='ltr'>portae</span> <span class='ocrx_word' id='word_1_133' title='bbox 532 2365 739 2406; x_wconf 82' lang='lat' dir='ltr'>margaritae,</span> 
     </span>
     <span class='ocr_line' id='line_1_37' title="bbox 266 2411 688 2452; baseline -0.005 -6"><span class='ocrx_word' id='word_1_134' title='bbox 266 2412 364 2446; x_wconf 88' lang='lat' dir='ltr'>Cuius</span> <span class='ocrx_word' id='word_1_135' title='bbox 390 2411 497 2446; x_wconf 84' lang='lat' dir='ltr'>forum</span> <span class='ocrx_word' id='word_1_136' title='bbox 523 2414 593 2446; x_wconf 87' lang='lat' dir='ltr'>sine</span> <span class='ocrx_word' id='word_1_137' title='bbox 618 2413 688 2452; x_wconf 87' lang='lat' dir='ltr'>lite,</span> 
     </span>
     <span class='ocr_line' id='line_1_38' title="bbox 313 2460 667 2503; baseline 0 -9"><span class='ocrx_word' id='word_1_138' title='bbox 313 2460 412 2494; x_wconf 85' lang='lat' dir='ltr'>Cuius</span> <span class='ocrx_word' id='word_1_139' title='bbox 438 2461 527 2494; x_wconf 88' lang='lat' dir='ltr'>Deus</span> <span class='ocrx_word' id='word_1_140' title='bbox 553 2462 667 2503; x_wconf 84' lang='lat' dir='ltr'>gloria.</span> 
     </span>
     <span class='ocr_line' id='line_1_39' title="bbox 196 2519 761 2549; baseline 0 -7"><span class='ocrx_word' id='word_1_141' title='bbox 196 2519 337 2549; x_wconf 75' lang='lat' dir='ltr'>Blume,</span> <span class='ocrx_word' id='word_1_142' title='bbox 355 2520 526 2549; x_wconf 73' lang='lat' dir='ltr'>Sequentiae</span> <span class='ocrx_word' id='word_1_143' title='bbox 543 2519 680 2543; x_wconf 78' lang='lat' dir='ltr'>Ineditao.</span> <span class='ocrx_word' id='word_1_144' title='bbox 712 2519 761 2543; x_wconf 89' lang='lat' dir='ltr'>1x.</span> 
     </span>
    </p>
   </div>
   <div class='ocr_carea' id='block_1_12' title="bbox 845 2318 935 2351">
    <p class='ocr_par' dir='ltr' id='par_1_12' title="bbox 845 2318 935 2351">
     <span class='ocr_line' id='line_1_40' title="bbox 845 2318 935 2351; baseline 0.011 -1"><span class='ocrx_word' id='word_1_145' title='bbox 845 2318 888 2351; x_wconf 91' lang='lat'>10</span> <span class='ocrx_word' id='word_1_146' title='bbox 903 2318 935 2351; x_wconf 93' lang='lat' dir='ltr'>b.</span> 
     </span>
    </p>
   </div>
   <div class='ocr_carea' id='block_1_13' title="bbox 875 565 1481 798">
    <p class='ocr_par' dir='ltr' id='par_1_13' title="bbox 875 565 1481 798">
     <span class='ocr_line' id='line_1_41' title="bbox 875 565 1189 598; baseline 0 -1"><span class='ocrx_word' id='word_1_147' title='bbox 875 566 895 597; x_wconf 85' lang='lat'>2</span> <span class='ocrx_word' id='word_1_148' title='bbox 911 565 942 598; x_wconf 92' lang='lat' dir='ltr'>b.</span> <span class='ocrx_word' id='word_1_149' title='bbox 977 566 1189 598; x_wconf 91' lang='lat' dir='ltr'>Inconcinnus</span> 
     </span>
     <span class='ocr_line' id='line_1_42' title="bbox 970 613 1280 655; baseline 0 -10"><span class='ocrx_word' id='word_1_150' title='bbox 970 613 1042 645; x_wconf 93' lang='lat' dir='ltr'>Non</span> <span class='ocrx_word' id='word_1_151' title='bbox 1069 617 1118 644; x_wconf 90' lang='lat' dir='ltr'>est</span> <span class='ocrx_word' id='word_1_152' title='bbox 1144 615 1280 655; x_wconf 88' lang='lat' dir='ltr'>hynnus‚</span> 
     </span>
     <span class='ocr_line' id='line_1_43' title="bbox 1019 661 1349 693; baseline 0 0"><span class='ocrx_word' id='word_1_153' title='bbox 1019 661 1097 693; x_wconf 88' lang='lat' dir='ltr'>Cum</span> <span class='ocrx_word' id='word_1_154' title='bbox 1124 672 1185 693; x_wconf 83' lang='lat' dir='ltr'>vox</span> <span class='ocrx_word' id='word_1_155' title='bbox 1212 666 1349 693; x_wconf 82' lang='lat' dir='ltr'>mentem</span> 
     </span>
     <span class='ocr_line' id='line_1_44' title="bbox 1018 709 1247 741; baseline 0.004 -1"><span class='ocrx_word' id='word_1_156' title='bbox 1018 709 1247 741; x_wconf 89' lang='lat' dir='ltr'>Concinentem</span> 
     </span>
     <span class='ocr_line' id='line_1_45' title="bbox 1064 757 1481 798; baseline 0.01 -10"><span class='ocrx_word' id='word_1_157' title='bbox 1064 757 1172 788; x_wconf 87' lang='lat' dir='ltr'>Habet</span> <span class='ocrx_word' id='word_1_158' title='bbox 1208 758 1240 789; x_wconf 93' lang='lat' dir='ltr'>in</span> <span class='ocrx_word' id='word_1_159' title='bbox 1280 758 1481 798; x_wconf 71' lang='lat' dir='ltr'>symphonia.</span> 
     </span>
    </p>
   </div>
   <div class='ocr_carea' id='block_1_14' title="bbox 875 841 1480 1125">
    <p class='ocr_par' dir='ltr' id='par_1_14' title="bbox 875 841 1480 1125">
     <span class='ocr_line' id='line_1_46' title="bbox 875 841 1480 883; baseline 0.003 -9"><span class='ocrx_word' id='word_1_160' title='bbox 875 841 941 875; x_wconf 84' lang='lat' dir='ltr'>3b.</span> <span class='ocrx_word' id='word_1_161' title='bbox 975 842 1064 874; x_wconf 92' lang='lat' dir='ltr'>Unus</span> <span class='ocrx_word' id='word_1_162' title='bbox 1095 852 1191 874; x_wconf 90' lang='lat' dir='ltr'>unum</span> <span class='ocrx_word' id='word_1_163' title='bbox 1220 843 1315 875; x_wconf 88' lang='lat' dir='ltr'>habet</span> <span class='ocrx_word' id='word_1_164' title='bbox 1343 848 1480 883; x_wconf 83' lang='lat' dir='ltr'>gratum,</span> 
     </span>
     <span class='ocr_line' id='line_1_47' title="bbox 968 891 1479 931; baseline 0.008 -11"><span class='ocrx_word' id='word_1_165' title='bbox 968 891 1059 930; x_wconf 82' lang='lat' dir='ltr'>Quod</span> <span class='ocrx_word' id='word_1_166' title='bbox 1095 891 1125 921; x_wconf 94' lang='lat' dir='ltr'>in</span> <span class='ocrx_word' id='word_1_167' title='bbox 1161 900 1223 922; x_wconf 90' lang='lat' dir='ltr'>una</span> <span class='ocrx_word' id='word_1_168' title='bbox 1251 896 1298 923; x_wconf 88' lang='lat' dir='ltr'>est</span> <span class='ocrx_word' id='word_1_169' title='bbox 1325 892 1479 931; x_wconf 85' lang='lat' dir='ltr'>oblatum,</span> 
     </span>
     <span class='ocr_line' id='line_1_48' title="bbox 1015 938 1438 982; baseline 0.007 -13"><span class='ocrx_word' id='word_1_170' title='bbox 1015 938 1059 970; x_wconf 88' lang='lat' dir='ltr'>Et</span> <span class='ocrx_word' id='word_1_171' title='bbox 1086 939 1164 970; x_wconf 84' lang='lat' dir='ltr'>haec</span> <span class='ocrx_word' id='word_1_172' title='bbox 1190 939 1297 979; x_wconf 86' lang='lat' dir='ltr'>placet</span> <span class='ocrx_word' id='word_1_173' title='bbox 1324 940 1438 982; x_wconf 86' lang='lat' dir='ltr'>hostia,</span> 
     </span>
     <span class='ocr_line' id='line_1_49' title="bbox 969 985 1320 1026; baseline 0.006 -9"><span class='ocrx_word' id='word_1_174' title='bbox 969 985 1002 1017; x_wconf 91' lang='lat' dir='ltr'>Si</span> <span class='ocrx_word' id='word_1_175' title='bbox 1030 990 1061 1018; x_wconf 88' lang='lat' dir='ltr'>te</span> <span class='ocrx_word' id='word_1_176' title='bbox 1087 987 1176 1026; x_wconf 87' lang='lat' dir='ltr'>prius</span> <span class='ocrx_word' id='word_1_177' title='bbox 1204 997 1320 1020; x_wconf 76' lang='lat' dir='ltr'>voveas</span> 
     </span>
     <span class='ocr_line' id='line_1_50' title="bbox 966 1033 1322 1075; baseline 0.008 -10"><span class='ocrx_word' id='word_1_178' title='bbox 966 1033 1010 1065; x_wconf 89' lang='lat' dir='ltr'>Et</span> <span class='ocrx_word' id='word_1_179' title='bbox 1036 1035 1132 1066; x_wconf 88' lang='lat' dir='ltr'>talem</span> <span class='ocrx_word' id='word_1_180' title='bbox 1160 1036 1322 1075; x_wconf 82' lang='lat' dir='ltr'>exhibeas,</span> 
     </span>
     <span class='ocr_line' id='line_1_51' title="bbox 1017 1083 1414 1125; baseline 0.005 -10"><span class='ocrx_word' id='word_1_181' title='bbox 1017 1083 1061 1115; x_wconf 92' lang='lat' dir='ltr'>Ut</span> <span class='ocrx_word' id='word_1_182' title='bbox 1087 1083 1131 1114; x_wconf 90' lang='lat' dir='ltr'>sis</span> <span class='ocrx_word' id='word_1_183' title='bbox 1158 1084 1272 1124; x_wconf 86' lang='lat' dir='ltr'>dignus</span> <span class='ocrx_word' id='word_1_184' title='bbox 1299 1086 1414 1125; x_wconf 76' lang='lat' dir='ltr'>gratia.</span> 
     </span>
    </p>
   </div>
   <div class='ocr_carea' id='block_1_15' title="bbox 868 1216 1481 1356">
    <p class='ocr_par' dir='ltr' id='par_1_15' title="bbox 868 1216 1481 1356">
     <span class='ocr_line' id='line_1_52' title="bbox 868 1216 1480 1261; baseline 0.008 -13"><span class='ocrx_word' id='word_1_185' title='bbox 868 1216 935 1249; x_wconf 81' lang='lat' dir='ltr'>4b.</span> <span class='ocrx_word' id='word_1_186' title='bbox 971 1218 1033 1249; x_wconf 86' lang='lat' dir='ltr'>Illa</span> <span class='ocrx_word' id='word_1_187' title='bbox 1070 1218 1182 1250; x_wconf 82' lang='lat' dir='ltr'>domus</span> <span class='ocrx_word' id='word_1_188' title='bbox 1216 1224 1264 1250; x_wconf 88' lang='lat' dir='ltr'>est</span> <span class='ocrx_word' id='word_1_189' title='bbox 1293 1225 1325 1250; x_wconf 91' lang='lat' dir='ltr'>et</span> <span class='ocrx_word' id='word_1_190' title='bbox 1351 1230 1480 1261; x_wconf 74' lang='lat' dir='ltr'>sponsa,</span> 
     </span>
     <span class='ocr_line' id='line_1_53' title="bbox 965 1266 1481 1308; baseline 0.01 -12"><span class='ocrx_word' id='word_1_191' title='bbox 965 1266 1034 1297; x_wconf 84' lang='lat' dir='ltr'>Nec</span> <span class='ocrx_word' id='word_1_192' title='bbox 1053 1270 1101 1297; x_wconf 90' lang='lat' dir='ltr'>est</span> <span class='ocrx_word' id='word_1_193' title='bbox 1120 1267 1227 1299; x_wconf 87' lang='lat' dir='ltr'>brevis</span> <span class='ocrx_word' id='word_1_194' title='bbox 1249 1269 1305 1299; x_wconf 87' lang='lat' dir='ltr'>sed</span> <span class='ocrx_word' id='word_1_195' title='bbox 1329 1273 1481 1308; x_wconf 84' lang='lat' dir='ltr'>protensa</span> 
     </span>
     <span class='ocr_line' id='line_1_54' title="bbox 1013 1315 1404 1356; baseline 0.01 -11"><span class='ocrx_word' id='word_1_196' title='bbox 1013 1315 1074 1346; x_wconf 85' lang='lat' dir='ltr'>Per</span> <span class='ocrx_word' id='word_1_197' title='bbox 1101 1320 1260 1347; x_wconf 86' lang='lat' dir='ltr'>terrarum</span> <span class='ocrx_word' id='word_1_198' title='bbox 1288 1318 1404 1356; x_wconf 77' lang='lat' dir='ltr'>spatia.</span> 
     </span>
    </p>
   </div>
   <div class='ocr_carea' id='block_1_16' title="bbox 869 1400 1409 1540">
    <p class='ocr_par' dir='ltr' id='par_1_16' title="bbox 869 1400 1409 1540">
     <span class='ocr_line' id='line_1_55' title="bbox 869 1400 1409 1444; baseline 0.007 -13"><span class='ocrx_word' id='word_1_199' title='bbox 869 1402 887 1432; x_wconf 92' lang='lat'>5</span> <span class='ocrx_word' id='word_1_200' title='bbox 905 1400 935 1434; x_wconf 87' lang='lat' dir='ltr'>b.</span> <span class='ocrx_word' id='word_1_201' title='bbox 968 1400 1143 1441; x_wconf 80' lang='lat' dir='ltr'>Sexaginta</span> <span class='ocrx_word' id='word_1_202' title='bbox 1169 1408 1241 1434; x_wconf 87' lang='lat' dir='ltr'>sunt</span> <span class='ocrx_word' id='word_1_203' title='bbox 1269 1405 1409 1444; x_wconf 79' lang='lat' dir='ltr'>reginae,</span> 
     </span>
     <span class='ocr_line' id='line_1_56' title="bbox 965 1449 1370 1491; baseline 0.007 -11"><span class='ocrx_word' id='word_1_204' title='bbox 965 1449 1136 1490; x_wconf 85' lang='lat' dir='ltr'>Octoginta</span> <span class='ocrx_word' id='word_1_205' title='bbox 1162 1452 1370 1491; x_wconf 84' lang='lat' dir='ltr'>concubinae,</span> 
     </span>
     <span class='ocr_line' id='line_1_57' title="bbox 1017 1498 1317 1540; baseline 0.01 -11"><span class='ocrx_word' id='word_1_206' title='bbox 1017 1498 1078 1530; x_wconf 91' lang='lat' dir='ltr'>Uni</span> <span class='ocrx_word' id='word_1_207' title='bbox 1106 1500 1193 1530; x_wconf 85' lang='lat' dir='ltr'>cedit</span> <span class='ocrx_word' id='word_1_208' title='bbox 1220 1501 1317 1540; x_wconf 84' lang='lat' dir='ltr'>regia.</span> 
     </span>
    </p>
   </div>
   <div class='ocr_carea' id='block_1_17' title="bbox 872 1583 1426 1717">
    <p class='ocr_par' dir='ltr' id='par_1_17' title="bbox 872 1583 1426 1717">
     <span class='ocr_line' id='line_1_58' title="bbox 872 1583 1359 1624; baseline 0.006 -10"><span class='ocrx_word' id='word_1_209' title='bbox 872 1583 892 1614; x_wconf 87' lang='lat'>6</span> <span class='ocrx_word' id='word_1_210' title='bbox 914 1583 944 1616; x_wconf 90' lang='lat' dir='ltr'>b.</span> <span class='ocrx_word' id='word_1_211' title='bbox 976 1583 1045 1615; x_wconf 86' lang='lat' dir='ltr'>Eva</span> <span class='ocrx_word' id='word_1_212' title='bbox 1074 1584 1142 1616; x_wconf 87' lang='lat' dir='ltr'>viro</span> <span class='ocrx_word' id='word_1_213' title='bbox 1170 1586 1359 1624; x_wconf 84' lang='lat' dir='ltr'>dormiente,</span> 
     </span>
     <span class='ocr_line' id='line_1_59' title="bbox 968 1631 1426 1666; baseline 0.007 -3"><span class='ocrx_word' id='word_1_214' title='bbox 968 1631 1088 1664; x_wconf 77' lang='lat' dir='ltr'>Nostra</span> <span class='ocrx_word' id='word_1_215' title='bbox 1116 1633 1244 1664; x_wconf 85' lang='lat' dir='ltr'>Christo</span> <span class='ocrx_word' id='word_1_216' title='bbox 1272 1636 1426 1666; x_wconf 85' lang='lat' dir='ltr'>moriente</span> 
     </span>
     <span class='ocr_line' id='line_1_60' title="bbox 1017 1680 1351 1717; baseline 0.012 -6"><span class='ocrx_word' id='word_1_217' title='bbox 1017 1680 1178 1712; x_wconf 86' lang='lat' dir='ltr'>Processit</span> <span class='ocrx_word' id='word_1_218' title='bbox 1204 1683 1351 1717; x_wconf 84' lang='lat' dir='ltr'>ecclesia.</span> 
     </span>
    </p>
   </div>
   <div class='ocr_carea' id='block_1_18' title="bbox 871 1766 1480 1900">
    <p class='ocr_par' dir='ltr' id='par_1_18' title="bbox 871 1766 1480 1900">
     <span class='ocr_line' id='line_1_61' title="bbox 871 1766 1478 1813; baseline 0.01 -16"><span class='ocrx_word' id='word_1_219' title='bbox 871 1766 935 1798; x_wconf 88' lang='lat' dir='ltr'>7b.</span> <span class='ocrx_word' id='word_1_220' title='bbox 969 1768 1036 1799; x_wconf 87' lang='lat' dir='ltr'>Iam</span> <span class='ocrx_word' id='word_1_221' title='bbox 1071 1771 1147 1799; x_wconf 86' lang='lat' dir='ltr'>tunc</span> <span class='ocrx_word' id='word_1_222' title='bbox 1178 1770 1261 1809; x_wconf 84' lang='lat' dir='ltr'>lapis</span> <span class='ocrx_word' id='word_1_223' title='bbox 1288 1770 1478 1813; x_wconf 80' lang='lat' dir='ltr'>ungebatur,</span> 
     </span>
     <span class='ocr_line' id='line_1_62' title="bbox 966 1816 1480 1852; baseline 0.01 -5"><span class='ocrx_word' id='word_1_224' title='bbox 966 1816 1032 1847; x_wconf 89' lang='lat' dir='ltr'>Iam</span> <span class='ocrx_word' id='word_1_225' title='bbox 1062 1816 1142 1849; x_wconf 86' lang='lat' dir='ltr'>haec</span> <span class='ocrx_word' id='word_1_226' title='bbox 1170 1818 1282 1849; x_wconf 88' lang='lat' dir='ltr'>domus</span> <span class='ocrx_word' id='word_1_227' title='bbox 1310 1819 1480 1852; x_wconf 86' lang='lat' dir='ltr'>dicebatur</span> 
     </span>
     <span class='ocr_line' id='line_1_63' title="bbox 1013 1865 1364 1900; baseline 0.011 -4"><span class='ocrx_word' id='word_1_228' title='bbox 1013 1865 1057 1896; x_wconf 89' lang='lat' dir='ltr'>Et</span> <span class='ocrx_word' id='word_1_229' title='bbox 1083 1866 1232 1897; x_wconf 81' lang='lat' dir='ltr'>caelestis</span> <span class='ocrx_word' id='word_1_230' title='bbox 1259 1867 1364 1900; x_wconf 86' lang='lat' dir='ltr'>ianua.</span> 
     </span>
    </p>
   </div>
   <div class='ocr_carea' id='block_1_19' title="bbox 870 1950 1479 2091">
    <p class='ocr_par' dir='ltr' id='par_1_19' title="bbox 870 1950 1479 2091">
     <span class='ocr_line' id='line_1_64' title="bbox 870 1950 1479 1995; baseline 0.007 -13"><span class='ocrx_word' id='word_1_231' title='bbox 870 1950 936 1983; x_wconf 90' lang='lat' dir='ltr'>8b.</span> <span class='ocrx_word' id='word_1_232' title='bbox 969 1952 1066 1983; x_wconf 82' lang='lat' dir='ltr'>Cuius</span> <span class='ocrx_word' id='word_1_233' title='bbox 1101 1957 1227 1992; x_wconf 79' lang='lat' dir='ltr'>portani</span> <span class='ocrx_word' id='word_1_234' title='bbox 1262 1954 1359 1985; x_wconf 82' lang='lat' dir='ltr'>habet</span> <span class='ocrx_word' id='word_1_235' title='bbox 1384 1955 1479 1995; x_wconf 83' lang='lat' dir='ltr'>latus,</span> 
     </span>
     <span class='ocr_line' id='line_1_65' title="bbox 965 2001 1479 2040; baseline 0.008 -9"><span class='ocrx_word' id='word_1_236' title='bbox 965 2001 1028 2032; x_wconf 88' lang='lat' dir='ltr'>Per</span> <span class='ocrx_word' id='word_1_237' title='bbox 1045 2001 1130 2040; x_wconf 89' lang='lat' dir='ltr'>quod</span> <span class='ocrx_word' id='word_1_238' title='bbox 1147 2001 1294 2034; x_wconf 87' lang='lat' dir='ltr'>Christus</span> <span class='ocrx_word' id='word_1_239' title='bbox 1314 2003 1479 2035; x_wconf 85' lang='lat' dir='ltr'>lanceatus</span> 
     </span>
     <span class='ocr_line' id='line_1_66' title="bbox 1016 2049 1369 2091; baseline 0.008 -11"><span class='ocrx_word' id='word_1_240' title='bbox 1016 2049 1111 2081; x_wconf 86' lang='lat' dir='ltr'>Vitae</span> <span class='ocrx_word' id='word_1_241' title='bbox 1138 2051 1252 2091; x_wconf 84' lang='lat' dir='ltr'>pandit</span> <span class='ocrx_word' id='word_1_242' title='bbox 1278 2053 1369 2084; x_wconf 85' lang='lat' dir='ltr'>ostia.</span> 
     </span>
    </p>
   </div>
   <div class='ocr_carea' id='block_1_20' title="bbox 871 2135 1478 2267">
    <p class='ocr_par' dir='ltr' id='par_1_20' title="bbox 871 2135 1478 2267">
     <span class='ocr_line' id='line_1_67' title="bbox 871 2135 1477 2178; baseline 0.005 -11"><span class='ocrx_word' id='word_1_243' title='bbox 871 2135 891 2167; x_wconf 85' lang='lat'>9</span> <span class='ocrx_word' id='word_1_244' title='bbox 907 2135 936 2168; x_wconf 92' lang='lat' dir='ltr'>b.</span> <span class='ocrx_word' id='word_1_245' title='bbox 971 2136 1047 2168; x_wconf 90' lang='lat' dir='ltr'>Cum</span> <span class='ocrx_word' id='word_1_246' title='bbox 1075 2147 1130 2168; x_wconf 86' lang='lat' dir='ltr'>rex</span> <span class='ocrx_word' id='word_1_247' title='bbox 1150 2138 1234 2169; x_wconf 87' lang='lat' dir='ltr'>idem</span> <span class='ocrx_word' id='word_1_248' title='bbox 1256 2137 1331 2169; x_wconf 85' lang='lat' dir='ltr'>fecit</span> <span class='ocrx_word' id='word_1_249' title='bbox 1352 2139 1477 2178; x_wconf 89' lang='lat' dir='ltr'>pridem</span> 
     </span>
     <span class='ocr_line' id='line_1_68' title="bbox 965 2185 1478 2228; baseline 0.004 -12"><span class='ocrx_word' id='word_1_250' title='bbox 965 2185 1019 2216; x_wconf 88' lang='lat' dir='ltr'>Ad</span> <span class='ocrx_word' id='word_1_251' title='bbox 1031 2186 1213 2225; x_wconf 84' lang='lat' dir='ltr'>exemplum</span> <span class='ocrx_word' id='word_1_252' title='bbox 1222 2186 1314 2218; x_wconf 88' lang='lat' dir='ltr'>huius</span> <span class='ocrx_word' id='word_1_253' title='bbox 1324 2188 1478 2228; x_wconf 84' lang='lat' dir='ltr'>templum</span> 
     </span>
     <span class='ocr_line' id='line_1_69' title="bbox 1015 2233 1355 2267; baseline 0.009 -3"><span class='ocrx_word' id='word_1_254' title='bbox 1015 2233 1057 2265; x_wconf 83' lang='lat' dir='ltr'>Et</span> <span class='ocrx_word' id='word_1_255' title='bbox 1084 2234 1152 2265; x_wconf 81' lang='lat' dir='ltr'>eius</span> <span class='ocrx_word' id='word_1_256' title='bbox 1178 2235 1355 2267; x_wconf 82' lang='lat' dir='ltr'>sollemnia.</span> 
     </span>
    </p>
   </div>
   <div class='ocr_carea' id='block_1_21' title="bbox 962 2319 1479 2500">
    <p class='ocr_par' dir='ltr' id='par_1_21' title="bbox 969 2319 1440 2360">
     <span class='ocr_line' id='line_1_70' title="bbox 969 2319 1440 2360; baseline 0.006 -10"><span class='ocrx_word' id='word_1_257' title='bbox 969 2319 1068 2351; x_wconf 85' lang='lat' dir='ltr'>Cuius</span> <span class='ocrx_word' id='word_1_258' title='bbox 1095 2330 1194 2359; x_wconf 85' lang='lat' dir='ltr'>agnus</span> <span class='ocrx_word' id='word_1_259' title='bbox 1221 2325 1270 2352; x_wconf 85' lang='lat' dir='ltr'>est</span> <span class='ocrx_word' id='word_1_260' title='bbox 1296 2321 1440 2360; x_wconf 84' lang='lat' dir='ltr'>lucerna,</span> 
     </span>
    </p>

    <p class='ocr_par' dir='ltr' id='par_1_22' title="bbox 965 2368 1479 2410">
     <span class='ocr_line' id='line_1_71' title="bbox 965 2368 1479 2410; baseline 0.006 -11"><span class='ocrx_word' id='word_1_261' title='bbox 965 2368 1028 2400; x_wconf 88' lang='lat' dir='ltr'>Per</span> <span class='ocrx_word' id='word_1_262' title='bbox 1050 2377 1145 2408; x_wconf 88' lang='lat' dir='ltr'>quam</span> <span class='ocrx_word' id='word_1_263' title='bbox 1171 2369 1244 2400; x_wconf 89' lang='lat' dir='ltr'>imis</span> <span class='ocrx_word' id='word_1_264' title='bbox 1270 2370 1312 2401; x_wconf 87' lang='lat' dir='ltr'>ad</span> <span class='ocrx_word' id='word_1_265' title='bbox 1339 2379 1479 2410; x_wconf 86' lang='lat' dir='ltr'>superna</span> 
     </span>
    </p>

    <p class='ocr_par' dir='ltr' id='par_1_23' title="bbox 962 2416 1402 2500">
     <span class='ocr_line' id='line_1_72' title="bbox 962 2416 1402 2450; baseline 0.005 -1"><span class='ocrx_word' id='word_1_266' title='bbox 962 2416 1057 2449; x_wconf 89' lang='lat' dir='ltr'>Fecit</span> <span class='ocrx_word' id='word_1_267' title='bbox 1082 2417 1165 2448; x_wconf 89' lang='lat' dir='ltr'>viam</span> <span class='ocrx_word' id='word_1_268' title='bbox 1192 2417 1243 2448; x_wconf 90' lang='lat' dir='ltr'>lex</span> <span class='ocrx_word' id='word_1_269' title='bbox 1269 2422 1402 2450; x_wconf 83' lang='lat' dir='ltr'>aeterna</span> 
     </span>
     <span class='ocr_line' id='line_1_73' title="bbox 1013 2465 1368 2500; baseline 0.008 -4"><span class='ocrx_word' id='word_1_270' title='bbox 1013 2465 1076 2496; x_wconf 87' lang='lat' dir='ltr'>Pro</span> <span class='ocrx_word' id='word_1_271' title='bbox 1103 2475 1161 2497; x_wconf 85' lang='lat' dir='ltr'>sua</span> <span class='ocrx_word' id='word_1_272' title='bbox 1187 2466 1368 2500; x_wconf 86' lang='lat' dir='ltr'>clementia.</span> 
     </span>
    </p>
   </div>
   <div class='ocr_carea' id='block_1_22' title="bbox 1288 2521 1306 2550">
    <p class='ocr_par' dir='ltr' id='par_1_24' title="bbox 1288 2521 1306 2550">
     <span class='ocr_line' id='line_1_74' title="bbox 1288 2521 1306 2550; baseline 0 0"><span class='ocrx_word' id='word_1_273' title='bbox 1288 2521 1306 2550; x_wconf 87' lang='grc'>2</span> 
     </span>
    </p>
   </div>
  </div>
 </body>
</html>
