1655 2713
677 169 843 206 —317
901 191 938 196 —

139 257 184 290 22
197 266 227 293 a.
258 258 337 291 Post
361 259 490 293 labores
516 266 549 294 et
574 263 720 302 sudores,

259 307 338 340 Post
364 307 532 342 conflictus
558 312 732 351 pretiosam

305 355 478 388 Resolutus
501 362 550 390 est
566 359 600 390 in
618 363 771 402 mortem3

837 267 881 299 22
894 266 925 300 b.
957 269 1023 302 Ubi
1049 271 1178 302 tandem
1205 282 1274 304 cum
1302 273 1404 305 beatis

957 317 1001 348 Et
1027 319 1059 350 in
1087 328 1186 360 regno
1213 321 1342 353 deitatis

998 365 1116 399 Lucem
1126 369 1214 400 videt
1228 371 1467 410 sempiternam.

139 451 225 485 238.
258 451 784 494 Cuirexregumregensmundum
836 460 880 492 23
894 460 924 495 b.
957 462 1000 493 Et
1027 464 1066 495 de
1093 474 1191 505 regno
1218 468 1389 508 temporali

255 499 400 540 Regnum
428 501 560 534 donavit
585 508 750 536 terrenum

303 549 342 581 In
368 549 429 581 hoc
455 551 541 582 vitae
567 552 686 593 stadio,

135 644 180 676 24
194 653 223 677 a.
255 644 318 677 Ubi
346 655 409 677 non
437 647 504 678 vita
530 649 686 688 mortalis,

258 691 322 725 Sed
348 694 394 726 ibi
421 695 487 726 vita
517 696 634 735 vitalis,

306 741 371 774 Ubi
399 752 489 783 reges
517 750 722 788 coronantur,

957 511 1051 542 Hunc
1078 513 1108 544 in
1137 524 1233 554 regno
1259 516 1447 556 triumphali

1005 559 1195 593 Sublimavit
1223 564 1313 597 solio.

837 655 881 686 24
893 653 923 687 b.
955 655 1018 687 Ubi
1046 667 1158 690 secura
1185 661 1322 699 requies,

956 703 1021 736 Ubi
1047 706 1115 737 sine
1142 712 1234 738 nocte
1262 709 1344 747 dies,

1006 753 1070 785 Ubi
1098 754 1195 786 duces
1223 756 1418 790 laureantur.

210 836 332 864 Collect.
360 847 412 865 ms.
435 840 621 868 Victorinum
648 851 723 870 saec.
747 841 804 879 [13.
830 843 887 881 15.]
913 844 955 873 16.
977 848 1046 875 eod.
1070 850 1198 876 Parisin.
1224 850 1329 878 14s72.
1354 868 1390 871 —
1413 855 1468 881 Mit

131 873 182 901 der
195 875 306 903 Chiffre
327 877 378 904 des
395 879 521 916 Auctore·
545 889 574 908 u.
595 881 646 908 der
660 881 838 910 Jahreszahl
866 883 948 911 1575.
971 901 1006 904 —
1031 886 1079 915 la.
1103 888 1120 913 ζ’,
1138 890 1207 916 Die<
1231 894 1282 917 est.
1300 904 1334 907 —*
1353 891 1385 918 1⁵·
1399 894 1424 922 1.,
1449 892 1467 919 4

132 913 216 949 Regi.
238 929 274 934 —
295 915 374 942 Eine
397 917 639 956 Uber-arbeitnng
665 920 762 948 dieser
784 921 919 957 Sequenz
943 926 981 951 ist
1002 925 1048 951 die
1072 928 1101 953 in
1124 928 1175 953 ΒΛ.
1200 929 1282 955 XLII
1306 930 1356 956 der
1378 931 1465 958 Anal.

131 952 241 987 Hymn.
271 957 357 981 unter
377 956 428 982 Nr.
455 954 510 983 261
534 959 717 994 mitgeteilte.
760 960 896 989 Letztere
920 962 1000 989 liiitte
1023 964 1105 991 ihren
1130 966 1213 992 Platz
1237 969 1265 994 in
1287 968 1383 995 die-scr
1406 971 1464 996 An-

130 991 277 1028 merkung
298 992 395 1021 finden
417 995 521 1022 sollen.

455 1127 525 1158 344.
566 1129 607 1160 De
630 1138 654 1160 s.
677 1130 858 1163 Guillielmo
879 1133 1131 1175 Archiepiscopo.

152 1225 212 1260 la.
243 1225 393 1258 Gaudeat
418 1228 510 1267 plebs
537 1229 684 1261 Biturica

246 1273 339 1306 Nova
364 1274 536 1315 proferens
563 1278 699 1317 cantica,

291 1322 385 1355 Nova
411 1325 519 1356 cordis
545 1328 730 1365 praeconia.

146 1419 206 1452 2a.
238 1418 290 1451 Ex
316 1419 417 1452 nobili
441 1423 596 1462 prosapia

241 1467 286 1499 Et
312 1468 446 1501 honesta
473 1468 597 1503 familia

289 1515 470 1549 Generatus
501 1523 549 1550 est
574 1519 755 1556 GillelmuS.

145 1613 204 1645 3a.
234 1613 470 1654 Archipraesul
498 1615 661 1649 Bituricus

239 1662 344 1693 Verus
370 1663 433 1694 Dei
459 1668 508 1695 est
533 1666 665 1708 amicus,

288 1710 421 1743 Electus
448 1721 518 1744 cum
546 1715 715 1750 sententia.

141 1807 203 1840 4a.
233 1807 291 1839 Bis
317 1807 449 1840 effectus
477 1812 650 1844 canonicus

236 1855 315 1888 Post
323 1856 403 1888 haec
411 1856 516 1890 factus
523 1864 571 1891 est
579 1861 753 1894 monachus

283 1905 418 1938 Praesul
452 1907 542 1940 urbis
578 1909 753 1944 Bituricae.

757 1888 764 1904 1

136 2003 199 2035 5a.
233 2002 329 2035 Videt
357 2004 477 2036 clerum
505 2006 685 2047 litigantem

232 2051 271 2084 In
298 2051 428 2085 diversa
455 2054 700 2100 distrahentem,

281 2100 446 2134 Turbatur
471 2103 688 2144 conscientia3

135 2198 196 2230 6a.
226 2199 258 2230 A
283 2198 405 2230 teneris
432 2197 515 2240 fugit
540 2201 706 2243 mundum,

230 2245 330 2287 Fugit
353 2256 470 2279 vanum
497 2251 530 2279 et
553 2248 728 2282 obscenum

279 2294 325 2327 Et
335 2295 504 2328 claustrali
513 2296 572 2328 sub
583 2298 750 2343 clausura;

134 2391 195 2426 7a.
229 2390 344 2424 Clarus
369 2393 492 2426 mundo
518 2398 549 2426 et
576 2395 714 2428 celebris

230 2439 409 2481 Tamquam
426 2441 536 2474 lumen
552 2443 585 2475 in
605 2443 749 2477 tenebris

277 2487 431 2531 Refulget
455 2491 490 2523 in
515 2492 663 2526 ecclesia.

852 1234 914 1266 111.
948 1234 1114 1267 Glorietur
1140 1238 1277 1269 mundus
1303 1243 1401 1272 torus,

944 1283 987 1315 Ut
1014 1293 1148 1315 acervus
1176 1286 1385 1326 conglobatus

992 1331 1149 1364 Decantet
1177 1344 1246 1366 cum
1274 1335 1424 1370 melodia.

846 1428 865 1459 2
883 1427 914 1461 b.
948 1429 1009 1461 Hic
1035 1431 1203 1469 praeditus
1230 1437 1275 1462 est
1304 1433 1433 1472 virtute,

939 1477 1118 1510 Decoratus
1145 1481 1328 1520 sanctitate,

990 1526 1093 1566 Super
1106 1537 1215 1559 ornnes
1226 1531 1459 1569 magnanimus.

845 1621 909 1656 3b.
942 1622 1015 1655 Una
1041 1633 1153 1655 vocum
1179 1625 1215 1656 fit
1243 1626 1389 1658 voluntas

939 1671 983 1703 Et
1009 1681 1183 1704 consensus
1206 1675 1385 1714 aequalitas

988 1720 1067 1751 Cum
1095 1731 1218 1754 summa
1245 1723 1428 1757 concordia.

844 1815 906 1849 4b.
940 1817 1029 1849 Inter
1054 1817 1215 1858 perfectos
1242 1821 1373 1862 electus,

943 1865 1125 1898 Virtutibus
1151 1868 1327 1900 adornatus

987 1915 1174 1948 Honoratur
1201 1917 1345 1950 mirifice.

837 2013 856 2045 5
869 2010 901 2043 b.
933 2012 1031 2053 Fugit
1050 2014 1204 2046 mundum
1219 2014 1452 2057 blandientem,

932 2061 1028 2093 Plebs
1056 2062 1179 2094 invenit
1204 2064 1385 2095 latitantem

983 2110 1059 2142 Cum
1086 2121 1203 2152 magna.
1228 2113 1393 2152 patientia.

835 2205 900 2240 6b.
931 2207 1080 2240 Claustro
1106 2208 1234 2240 clausus
1253 2213 1285 2240 et
1303 2209 1448 2241 reclusus

930 2255 974 2287 Et
1000 2266 1019 2287 a
1044 2257 1164 2288 mundo
1191 2261 1239 2288 est
1265 2257 1444 2298 abstrusus,

980 2303 1156 2345 Refugiens
1183 2306 1340 2346 peritura.

838 2399 900 2434 7b.
932 2401 1019 2433 Cleri
1046 2400 1216 2434 confundit
1242 2411 1368 2435 errores

932 2449 1044 2490 Neque
1070 2454 1201 2483 veretur
1226 2454 1379 2491 terrores,

981 2499 1066 2539 Quos
1093 2499 1236 2533 minatur
1261 2501 1396 2534 malitia.
