1655 2713
726 135 988 171 —343—

211 234 274 266 8³.
304 232 348 264 Et
375 241 434 273 per
459 237 559 265 totam
586 234 750 267 civitatem
909 233 969 266 8b.
1001 234 1091 266 Tunc
1116 232 1229 265 fideles
1255 233 1448 275 animantur,

307 281 390 312 Toto
417 290 552 322 corpore
577 283 730 314 nudatam
1003 282 1057 315 Ad
1084 282 1272 322 martyrium
1299 286 1467 313 moventur

355 329 485 361 Ducunt
513 339 583 362 cum
610 329 753 363 infamia.
1053 331 1130 362 Visa
1155 330 1324 372 patientia.

211 413 273 445 9³.
305 411 450 444 Tandem
477 422 631 454 percussa
657 413 765 453 gladio
907 416 926 447 9
942 414 974 446 b.
1007 413 1096 446 Sicut
1122 413 1269 445 columba
1295 412 1433 444 candida

308 461 422 493 Caelos
455 462 583 492 scandit
611 471 679 492 cum
705 462 823 502 gaudio
1004 462 1121 494 Anima
1147 462 1261 493 transit
1288 460 1461 501 splendida

357 509 549 541 Ascendens
575 509 617 541 ad
639 510 789 551 aetliera3
1055 510 1159 549 Super
1184 510 1250 541 alta
1276 509 1394 540 sidera.

265 588 405 624 Sequent.
427 599 480 617 ms,
502 591 729 618 Ravennatense.
751 592 821 617 anni
845 589 1005 618 1555—87.
1022 591 1093 618 Cod.
1110 591 1241 618 (slas-seu.
1263 588 1319 618 :360
1337 589 1414 620 ‹1:59.
1437 588 1463 616 5.
1480 589 1518 622 S).

583 756 655 786 356.
697 756 739 786 De
761 765 801 786 ss.
824 756 922 786 Fusca
944 758 976 787 et
999 756 1115 786 Maura.

210 857 270 888 la.
303 856 530 888 Collaudemus
558 857 781 897 constantiam,
909 856 969 889 lb.
1004 858 1146 896 Agamus
1173 856 1286 888 festum
1315 865 1496 897 perennem,

306 904 488 943 Martyrum
516 905 717 945 patientiam,
1004 905 1071 944 Quo
1100 906 1203 937 Fusca
1227 905 1313 944 apud
1333 905 1517 936 Ravennam

355 952 456 985 Sacra
480 953 544 984 sint
570 953 749 985 sollemnia.
1054 954 1179 984 l’atitur
1206 953 1377 992 supplicia.

211 1037 271 1068 321.
303 1036 408 1067 Annis
435 1035 574 1074 quinque
596 1044 695 1074 supra
715 1034 823 1065 decem
910 1034 972 1067 2b.
1006 1034 1092 1065 Ilaec
1121 1034 1235 1065 nutrici
1264 1035 1415 1065 revelavit

310 1083 376 1114 Ista
403 1083 589 1122 concupivit
616 1091 725 1114 necem
1005 1083 1147 1114 Secreta.
1176 1082 1403 1113 manifestavit.

358 1133 421 1164 Pro
448 1136 582 1162 aeterna
603 1131 717 1171 gloria.
1055 1131 1137 1169 Quid
1165 1131 1195 1161 in
1224 1131 1431 1162 conscientia.

211 1216 274 1247 3a.
306 1215 404 1247 Unda
430 1214 511 1246 lavit
537 1213 752 1253 baptismatiS,
913 1213 931 1244 :3
946 1212 976 1244 b.
1008 1212 1135 1252 flagris
1162 1213 1285 1252 asperis
1313 1213 1468 1249 caeditur,

307 1263 350 1294 Et
376 1262 528 1294 unctione
555 1261 739 1292 chrismatis
1010 1261 1044 1291 In
1072 1269 1233 1291 carcerem
1262 1261 1437 1297 reducitur,

356 1310 494 1344 Perfusa
519 1310 687 1341 solidatur.
1058 1309 1101 1340 Et
1130 1310 1231 1340 victus
1257 1310 1443 1349 denegatur.

211 1395 273 1426 43.
306 1393 431 1425 Nititur
457 1393 540 1424 hanc
567 1402 719 1424 revocare
910 1391 972 1424 4b.
1007 1393 1102 1423 Pater
1131 1392 1226 1423 ferire
1255 1392 1363 1426 voluit,

309 1442 409 1474 Pater
436 1445 467 1473 et
494 1446 632 1472 mentem
659 1446 783 1472 mutare
1008 1440 1116 1472 Mater
1142 1449 1175 1470 se
1202 1440 1392 1479 interposuit

355 1491 384 1522 A
411 1499 468 1522 sua
493 1489 665 1528 firmitate3
1058 1489 1223 1520 Commota
1250 1489 1381 1528 pietate.

212 1575 270 1606 5a.
305 1572 414 1605 Mater
441 1572 602 1603 demulcet
629 1572 765 1612 loquelis
914 1570 975 1603 5b.
1008 1570 1076 1602 Nec
1103 1571 1195 1601 minis
1214 1579 1272 1601 nec
1291 1570 1520 1601 blandimentis

308 1622 387 1654 Cum
414 1621 570 1652 matronis
597 1625 627 1651 et
654 1620 771 1660 puellis
1009 1619 1229 1650 commutatur
1255 1619 1353 1649 robur
1379 1619 1503 1654 mentis,

355 1669 420 1701 Per
445 1669 566 1701 blanda
592 1669 762 1708 colloquia.
1057 1667 1220 1699 Firmatur
1247 1667 1435 1699 constantia.

211 1753 275 1785 Ga.
306 1751 452 1784 Ministri
479 1752 589 1783 vident
615 1756 759 1783 orantem
913 1750 974 1784 6b.
1007 1751 1207 1783 Cliristianas
1234 1750 1426 1790 profitentur

307 1800 350 1832 Et
377 1801 525 1841 angelum
554 1800 769 1841 assistentem,
1009 1799 1049 1830 Et
1078 1799 1164 1830 idola
1191 1799 1403 1831 detestantur.

358 1848 478 1880 Territi
506 1849 683 1882 redierunt.
1058 1848 1164 1879 Morte
1189 1857 1222 1878 se
1249 1847 1441 1878 obtulerunt.

212 1933 272 1965 7a.
306 1932 423 1964 Maura
448 1935 538 1972 rogat
566 1931 759 1970 carnificem,
913 1932 974 1965 7b.
1008 1932 1163 1963 Percussa
1192 1930 1278 1962 ferro
1305 1934 1447 1972 necatur,

309 1980 404 2013 Suam
432 1980 559 2013 auferat
587 1981 755 2019 cervicem,
1011 1980 1115 2012 Vitam
1131 1989 1189 2020 per
1203 1984 1336 2011 mortem
1349 1986 1522 2021 mercatur,

354 2029 398 2062 Et
425 2030 534 2062 statim
559 2030 757 2072 percutitur3
1057 2030 1118 2061 Per
1146 2030 1227 2060 latus
1253 2028 1479 2060 transfoditur.

208 2114 269 2146 82.
305 2111 426 2145 Guttur
450 2111 588 2144 offerunt
613 2112 721 2143 lictori
909 2111 970 2145 8b.
1007 2111 1132 2143 Nautae
1159 2116 1252 2143 noctu
1278 2111 1440 2150 rapientes

306 2161 375 2193 Nec
401 2161 443 2192 ad
469 2161 581 2192 horam
608 2160 724 2192 timent
741 2161 822 2192 mori
1006 2160 1129 2192 Harum
1157 2169 1293 2199 corpora
1320 2164 1486 2198 portantes

354 2210 418 2243 Pro
444 2209 506 2241 Dei
531 2209 665 2241 iustitia.
1054 2209 1155 2240 Terra
1182 2209 1293 2248 procul
1320 2208 1394 2241 alia.

207 2293 270 2327 9³.
300 2293 395 2325 Actis
421 2300 578 2324 annorum
606 2291 736 2322 circulis
910 2291 972 2325 9b.
1004 2289 1219 2322 Transferunt
1246 2290 1286 2322 ad
1316 2290 1500 2322 Venetiam:

302 2342 332 2374 A
361 2340 537 2382 gentilibus
563 2339 692 2380 populis
1005 2339 1053 2371 Ob
1082 2348 1252 2380 corporum
1279 2341 1494 2379 praesentiam

355 2389 536 2430 Populatur
561 2388 681 2429 patria.
1055 2387 1200 2419 Habetur
1227 2389 1390 2420 memoria.

267 2471 408 2508 Sequent.
430 2480 485 2499 ms.
507 2471 737 2499 Ravennatense
758 2471 828 2498 anni
853 2468 1014 2498 1585—87.
1030 2470 1100 2498 Cod.
1119 2470 1251 2497 Classen.
1267 2467 1324 2498 360
1344 2469 1419 2500 (1:59.
1442 2469 1467 2496 ἴι,
1485 2472 1523 2494 Su
