1655 2713
251 249 310 283 7a.
342 250 442 281 Immo
470 249 594 281 felicior

345 302 391 328 est
417 297 583 329 Marsiliae

343 344 560 384 praedicanda
588 368 595 375 .
623 369 630 376 .

346 416 827 424 .........

345 440 431 470 clara
455 439 630 478 provincia.

247 517 306 546 Ra.
338 516 507 547 Rex-neatis

343 564 388 593 sic
415 563 581 602 permultis
608 562 648 593 ab

343 610 504 641 erroribus

248 688 304 719 9a.
340 687 472 717 Praeter
497 696 608 726 panem

360 769 363 772 Α
391 735 433 765 nil
461 734 587 773 edebat,

222 810 263 842 10
275 819 302 841 a.
335 810 477 841 Tandem
505 820 585 850 aqua
611 810 797 842 suffocatum

386 858 438 890 Ad
465 858 561 889 vitam
590 859 739 899 restituit,

223 933 263 964 11
281 941 309 966 a.
341 933 366 965 Ο
394 934 523 965 Martha
550 934 742 973 beatissima,

339 982 471 1020 Angelis

340 1035 369 1059 et
396 1028 575 1060 hominibus
601 1030 794 1068 gratissima,

221 1105 263 1136 12
283 1113 311 1136 a.
343 1105 395 1136 Illi
421 1113 515 1144 prece
543 1115 598 1136 nos
625 1107 806 1144 reconcilia,

342 1153 390 1183 cui
417 1153 573 1192 quondam
601 1154 800 1193 praeparasti

342 1209 496 1238 convivm,

939 246 998 281 7b.
1028 247 1116 286 Quae
1141 245 1309 279 salutifero

1032 295 1166 335 virginis
1187 304 1246 327 usa

1032 342 1176 384 consilio,
1204 343 1323 375 cultum
1350 343 1498 384 linquens

1031 391 1189 422 idolorum
1217 391 1378 423 illustrata
1403 396 1451 423 est

1032 438 1106 470 fidei
1133 439 1247 478 gratia.

936 514 997 548 8b.
1027 515 1201 547 Insistebat

1030 572 1157 602 semper
1184 564 1313 595 virtutis

1034 611 1195 651 operibns,

935 687 996 720 ab.
1028 687 1159 727 Absque
1185 688 1318 728 lympha

1077 736 1121 767 nil
1147 735 1288 767 bibebat.

907 813 949 845 10
963 812 992 845 b.
1024 812 1244 852 Draconisque
1271 811 1434 844 feritatem

1075 860 1228 892 Necando
1255 861 1452 894 comminuit.

909 936 948 967 11
964 936 993 968 b.
1028 936 1095 967 Tua
1122 937 1211 976 larga
1236 938 1342 977 gratia

1029 983 1170 1015 Caelitus

1024 1031 1116 1062 nobis
1142 1032 1315 1071 impetrata
1341 1034 1435 1065 venia

909 1108 951 1139 12
963 1107 993 1139 b.
1026 1107 1070 1140 Ut
1097 1108 1143 1138 sic
1170 1117 1348 1141 mereamur
1373 1110 1507 1142 introire

1024 1153 1077 1197 [ad
1102 1153 1230 1199 civium]
1258 1158 1442 1190 caelestium

1026 1203 1175 1242 hospitia.

300 1275 381 1301 Miss.
405 1284 456 1302 ms.
478 1276 507 1302 S.
529 1276 658 1303 Floriani
681 1286 756 1303 saec.
778 1275 821 1303 14.
844 1276 912 1303 Cod.
931 1278 1059 1305 Florian.
1082 1279 1126 1305 111
1147 1277 1201 1306 221
1225 1281 1258 1307 A.
1280 1280 1313 1307 A.
1329 1295 1366 1299 -—
1380 1281 1464 1308 Miss.
1486 1291 1542 1310 ms.

224 1314 253 1339 S.
275 1313 405 1339 Floriani
428 1322 502 1340 saec.
530 1314 572 1340 14.
595 1314 664 1341 Cod.
686 1315 813 1341 Florian.
835 1316 878 1342 XI
900 1314 964 1353 394.
986 1317 1019 1343 B.
1034 1331 1070 1336 —
1087 1318 1169 1344 Miss.
1192 1327 1243 1345 ms.
1263 1319 1292 1346 S.
1308 1319 1440 1346 Floriani
1462 1328 1539 1348 saec.

223 1349 265 1377 15.
289 1353 326 1377 in.
349 1351 417 1377 Cod.
441 1352 569 1378 Florian.
593 1353 634 1379 XI
656 1351 720 1380 359.
743 1354 775 1378 C.
796 1367 833 1372 —
855 1351 919 1384 33,
949 1354 966 1380 3

987 1355 1065 1390 quod
1087 1356 1172 1382 nobis
1193 1356 1304 1384 fructus
1327 1357 1357 1384 C.
1382 1372 1417 1376 —
1439 1356 1500 1391 3b,
1522 1357 1540 1386 3

225 1390 323 1424 stirpis
349 1392 379 1416 C.
403 1404 438 1408 —
459 1389 519 1422 4b,
548 1390 564 1416 4
590 1391 697 1417 subicit
725 1391 808 1418 ABG.
830 1406 864 1409 —
888 1391 948 1423 52.
977 1390 994 1417 ἴ),
1014 1393 1174 1420 Dominum
1202 1395 1278 1422 caeli
1298 1396 1332 1422 A.
1354 1411 1392 1414 —
1412 1395 1473 1430 5a,
1504 1396 1538 1424 11

225 1427 393 1462 imploravit
415 1428 446 1455 C.
468 1442 502 1446 —
526 1427 579 1460 Sa,
604 1428 617 1455 1
640 1429 788 1456 Revocata
810 1431 841 1456 C.
864 1445 900 1448 —
924 1429 958 1457 10
969 1439 994 1463 a,
1019 1430 1031 1457 1
1056 1434 1140 1466 aquis
1162 1433 1196 1459 A.
1219 1448 1254 1451 ——
1279 1432 1351 1467 111),
1373 1432 1391 1461 3
1412 1436 1538 1471 impetra

222 1465 254 1492 B.
277 1480 311 1483 —
336 1464 369 1492 12
383 1474 408 1498 a,
429 1465 446 1492 3
468 1471 499 1493 ut
520 1467 637 1502 hospita
658 1467 764 1494 devota
786 1470 922 1495 convivia
943 1469 1027 1496 ABC.
1050 1484 1084 1488 —
1111 1469 1145 1497 12
1159 1471 1184 1503 b,
1207 1469 1224 1498 2
1246 1473 1321 1499 caeli
1342 1473 1429 1500 ABC.

659 1569 728 1600 230.
769 1569 810 1600 De
835 1573 945 1601 sancta
965 1570 1100 1602 Martha.

244 1640 259 1670 1
274 1647 302 1670 a.

337 1686 451 1725 Surgat
477 1696 538 1718 vox
565 1687 596 1718 iu
624 1689 826 1726 praeconium

241 1763 299 1794 2a.

338 1809 483 1849 Suscepit
511 1810 541 1841 in
571 1811 752 1851 hospitium,

243 1887 302 1917 321.

245 2012 305 2042 42.

243 2136 301 2166 5a.
333 2135 391 2166 Est
418 2135 500 2167 bona
531 2137 612 2168 vitae
637 2138 790 2180 practica,

337 2182 400 2214 Sed
425 2184 538 2215 melior
563 2185 705 2217 theorica
716 2197 723 2225 ;

241 2256 300 2289 6a.
331 2256 356 2288 Ο
384 2255 503 2288 Christi
530 2255 607 2288 felix
634 2257 770 2299 hospita,

336 2304 488 2336 Mercede
513 2305 655 2346 gaudens
682 2306 803 2348 inclita,

295 2374 401 2408 „Liber
431 2372 509 2411 [ms.]
540 2376 636 2403 dictus
670 2377 892 2413 Iosephina,
927 2382 1101 2418 compilatus

817 2419 884 2454 giae
912 2420 1092 2455 professore“

216 2411 346 2439 Iohanne
374 2413 409 2440 de
430 2414 560 2446 Gersou,
590 2423 690 2443 sacrae
717 2416 815 2444 theolo

334 1639 435 1669 Adest
460 1639 609 1670 Marthae
634 1640 844 1680 sollemnium,

335 1761 423 1792 Haec
450 1762 684 1802 redemptorem
708 1765 846 1803 gentium

333 1890 437 1925 Quae.
467 1887 540 1917 dum
566 1893 695 1926 pararet
722 1888 843 1921 fercula

337 1938 424 1964 stans
459 1935 503 1965 ait
529 1935 658 1966 Christo
691 1937 840 1976 querula:

339 2010 484 2043 Christus
494 2017 660 2052 utramque
667 2014 845 2052 praedicat.

339 2058 402 2090 Sed
416 2056 579 2103 [primam]
591 2066 714 2100 partem
724 2062 864 2103 indicat;

933 1643 950 1674 1
963 1642 995 1676 b.
1029 1644 1098 1675 Vox
1112 1649 1222 1677 nostra
1232 1646 1343 1678 laudes
1355 1653 1538 1689 concrepet,

1031 1691 1099 1722 Nec
1124 1702 1143 1723 a
1161 1702 1238 1724 voce
1255 1703 1344 1726 niens
1363 1696 1535 1736 discrepet.

937 1767 999 1799 2b.
1033 1769 1122 1800 Pavit
1149 1779 1228 1809 opus
1255 1771 1414 1813 opificem,

1026 1815 1121 1848 Fovit
1147 1818 1264 1850 ancilla
1290 1820 1440 1855 iudicem.

927 1891 988 1924 3b.
1024 1893 1113 1935 „Dic³
1140 1899 1173 1925 ut
1199 1895 1241 1927 ad
1268 1897 1481 1931 ministerium

1023 1940 1120 1973 Soror
1142 1948 1283 1982 praestet
1309 1946 1495 1981 auxilium.“

931 2019 951 2050 4
964 2017 993 2051 b.
1027 2018 1190 2061 [Marthae
1204 2021 1318 2065 vitam]
1328 2033 1398 2056 esse
1408 2025 1538 2069 bonam,

1027 2067 1151 2100 Mariae
1177 2070 1447 2109 probatissimam.

930 2142 991 2177 51).
1026 2144 1134 2176 Prima
1161 2145 1305 2179 defectus
1331 2149 1443 2190 inficit,

1025 2191 1171 2225 Secunda
1197 2205 1357 2236 nunquam
1385 2198 1505 2234 deficit.

928 2262 989 2296 6b.
1023 2264 1068 2295 Te
1095 2265 1181 2298 Deus
1207 2267 1323 2308 hospes
1350 2269 1446 2302 hodie

1024 2312 1134 2353 Regno
1161 2314 1280 2347 locavit
1305 2317 1438 2357 gloriae.

1132 2384 1167 2412 de
1201 2387 1364 2415 scientifico
1394 2381 1537 2427 magistro

1122 2431 1198 2451 saec.
1233 2424 1276 2453 15.
1301 2426 1371 2454 Cod.
1393 2429 1537 2458 Mazarin.

215 2448 298 2478 3895.
322 2451 386 2478 add.
409 2461 483 2480 saec.
508 2452 541 2480 15
563 2462 607 2480 ex.
630 2469 667 2474 —
688 2448 887 2484 I'Jberschrift:
912 2459 1020 2493 „Prosa
1041 2460 1076 2488 de
1100 2470 1122 2488 s.
1143 2462 1288 2491 Martha-‘⁴
