1655 2713
752 146 985 180 ,32-

659 239 705 269 26.
747 238 789 268 De
810 238 923 268 saneta
944 237 1078 276 Agnete.

235 315 250 346 1
268 323 297 345 a.
330 313 429 345 Sacra
454 314 553 345 sacris
580 315 781 345 concinentes

329 361 452 402 Sponso
475 362 614 401 psallant
631 363 834 392 occurrentes

378 409 505 441 Christo
531 409 604 440 Sion
631 407 739 448 filiae3

229 490 247 520 2
265 499 292 521 a.
325 491 431 529 Agnes
457 498 538 528 agno
564 488 743 526 copulatur,

326 536 537 568 Foederanda
562 541 753 574 perornatur

373 583 495 621 Sponsa
527 583 635 622 sponsi
662 583 833 624 sanguine3

232 665 293 696 321.
326 663 406 694 Fide
434 664 551 695 Christi
578 664 769 696 subarrhata

326 712 435 754 Prece,
465 711 555 742 donis
583 717 628 743 est
656 713 783 752 pulsata

369 760 397 790 A
425 758 581 799 praefecti
608 760 697 801 fi1i03

226 843 289 873 4a.
326 841 419 872 Furit
445 850 524 880 puer
551 846 581 872 et
607 842 741 874 tabescit

328 889 371 919 Et
397 889 514 920 amoris
541 891 571 920 vi
600 890 776 930 languescit

371 936 531 976 Lectoque
550 940 782 980 prosternitur,

230 1019 248 1049 5
265 1026 293 1049 a.
326 1016 377 1048 Fit
392 1018 499 1056 Agnes
514 1027 585 1050 mox
601 1020 830 1059 comprehensa

320 1065 363 1095 Et
389 1065 545 1106 hortatur,
572 1071 606 1097 ut
630 1067 760 1099 incensa

371 1113 516 1144 Immolet
543 1114 727 1148 daemoniis.

227 1193 246 1224 6
262 1201 289 1223 a.
319 1193 403 1223 Hinc
429 1194 568 1232 puellam
594 1195 726 1234 spoliari

323 1240 413 1271 lubet
440 1241 536 1272 iudex
563 1245 593 1272 et
619 1243 754 1274 scortari

370 1287 485 1319 Infami
511 1289 659 1320 ludibrio.

229 1368 245 1399 7
262 1377 290 1400 a.
324 1368 460 1399 Currens
487 1370 558 1400 leno
585 1371 764 1402 stimulatus

323 1415 400 1447 Mox
427 1418 571 1456 exspirat
597 1418 765 1450 suffocatus

368 1464 421 1495 Ad
448 1468 624 1496 contactum
654 1466 800 1506 virgini83

226 1543 244 1574 8
260 1552 288 1576 a.
322 1544 398 1575 Post
424 1544 502 1576 haec
528 1546 616 1585 ignes
642 1551 670 1577 et
694 1547 826 1579 ardores

321 1590 420 1623 Passa
448 1593 522 1624 vicit
549 1597 581 1624 et
605 1597 752 1635 tortores,

372 1640 494 1671 Vindex
532 1640 659 1672 flamma
692 1643 822 1682 torruit3

225 1720 287 1751 9a.
319 1720 388 1761 Eia,
416 1725 546 1763 martyr,
575 1723 729 1762 agonista,

320 1767 401 1806 Age,
427 1777 465 1798 ne
492 1773 561 1799 tuos
587 1770 731 1809 sophista

370 1816 571 1855 Complantet
598 1816 736 1857 fallacia,

925 313 941 345 1
960 312 991 346 b.
1024 313 1123 345 Sonet
1155 313 1255 344 melos
1284 321 1347 344 vox
1379 321 1535 344 canorum

1017 362 1103 392 Ante
1129 360 1285 400 virginale
1311 360 1453 402 thorum,

1063 410 1187 440 Assunt
1212 408 1286 448 agni
1312 408 1457 448 nuptiae.

922 490 942 521 2
958 489 989 522 b.
1020 490 1253 529 Argumentum
1281 489 1337 521 dat
1362 490 1496 531 amoris,

1019 537 1081 568 Pro
1109 546 1222 568 cruore
1249 538 1324 569 dum
1351 539 1476 570 cruoris

1064 585 1261 617 Rubricatur
1284 584 1424 619 flumine.

921 668 940 698 3
957 666 986 700 b.
1019 667 1174 707 Sponsam
1201 668 1322 700 Christi
1348 677 1382 700 se
1410 669 1532 710 allegat

1016 715 1060 746 Et
1079 724 1266 747 consensum
1286 725 1419 756 prorsus
1434 720 1532 758 negat

1064 763 1194 796 Carnali
1222 764 1424 798 commercio.

920 844 986 877 4b.
1019 845 1121 877 Causa
1147 846 1249 877 morbi
1276 848 1363 886 patri
1390 852 1467 879 nota

1016 892 1068 926 Ad
1096 895 1286 934 complenda
1310 895 1378 928 nati
1404 900 1479 927 vota

1062 942 1208 974 Rabidus
1235 943 1428 977 devolvitur.

914 1024 933 1054 5
950 1022 979 1056 b.
1012 1023 1109 1063 Virgo
1140 1028 1290 1055 constans
1316 1025 1377 1056 hoc
1405 1023 1528 1057 refutat

1011 1071 1053 1102 Et
1080 1072 1220 1103 colentes
1244 1072 1304 1104 hoc
1329 1072 1478 1105 confutat

1058 1119 1154 1158 Aptis
1179 1120 1382 1153 testimoniis.

915 1199 936 1229 6
948 1197 979 1231 b.
1011 1199 1106 1230 Crine
1133 1204 1218 1232 tecta
1244 1206 1351 1233 scorto
1377 1202 1488 1242 datur,

1011 1247 1112 1278 Missa
1137 1248 1220 1280 stola
1245 1248 1450 1282 confortatur

1058 1295 1174 1334 Angeli
1200 1296 1329 1330 solacio.

915 1374 933 1405 7
946 1373 977 1406 b.
1011 1374 1109 1406 Prece
1136 1374 1206 1407 fusa
1230 1378 1406 1409 suscitatur

1009 1422 1051 1453 Et
1077 1423 1108 1454 in
1135 1423 1229 1463 plebe
1255 1425 1427 1458 roboratur

1058 1469 1157 1502 Fides
1183 1471 1304 1504 Christi
1330 1475 1480 1507 nominis.

910 1549 930 1581 8
947 1549 976 1582 b.
1010 1551 1063 1583 Sic
1088 1550 1124 1582 fit
1151 1556 1235 1584 tosta
1261 1554 1317 1585 sed
1337 1564 1399 1586 uon
1420 1556 1533 1596 laesa,.

1007 1598 1194 1631 Decollatur
1219 1610 1294 1632 ense
1321 1611 1428 1642 caesa,

1051 1647 1095 1678 Et
1120 1657 1206 1680 mors
1233 1649 1328 1680 tidem
1356 1652 1489 1686 astruit.

910 1727 929 1758 9
946 1726 976 1760 b.
1009 1727 1073 1760 Sed
1100 1730 1254 1769 absorpta
1279 1736 1383 1763 morte
1411 1733 1478 1765 vita

1005 1775 1051 1806 Te
1077 1785 1247 1816 sequamur
1273 1780 1324 1811 via
1350 1781 1429 1813 trita

1050 1824 1103 1856 Ad
1130 1827 1238 1865 sponsi
1265 1828 1397 1866 palatia.

277 1892 362 1920 Miss.
389 1895 599 1924 Gemblacense
627 1906 701 1925 saec.
731 1897 802 1927 ¹5liss.
831 1900 901 1928 Cod.
930 1903 1097 1931 Bruxellen.
1124 1904 1208 1933 5237.
1237 1923 1274 1926 —
1297 1908 1355 1941 4a,
1391 1909 1404 1938 1
1435 1912 1522 1939 Furit

202 1933 304 1966 poenis
326 1936 364 1959 et.
385 1947 421 1950 —
444 1932 497 1967 9a,
519 1932 536 1961 3
557 1936 738 1971 Complanet.
762 1955 797 1959 —
818 1937 873 1973 9b,
896 1938 914 1967 2
936 1942 986 1968 via
1008 1944 1079 1970 vita.

647 2068 691 2097 27.
733 2069 773 2099 De
796 2073 906 2101 sancta
927 2073 1056 2112 Agnete.

225 2153 288 2185 la.
322 2153 442 2184 Psallat
468 2155 564 2186 corde
590 2157 782 2191 laetabundo

321 2201 416 2233 Plebs
442 2201 546 2233 fidelis
571 2204 603 2235 iu
629 2205 689 2237 hoc
706 2208 823 2239 mundo

361 2250 495 2290 Agnetis
521 2253 701 2295 praeconia,

217 2335 236 2366 2
253 2344 281 2367 a.
315 2335 431 2367 Divina
457 2335 541 2368 freta
566 2338 669 2378 gratia

314 2384 417 2416 Huius
442 2385 554 2417 mundi
578 2386 698 2418 solacia

363 2431 491 2472 Sprevit
517 2433 557 2465 ab
583 2433 736 2477 infantiat,

907 2163 972 2196 1b.
1003 2165 1090 2204 Quae
1116 2168 1225 2206 puella
1250 2169 1319 2202 Deo
1345 2175 1438 2211 grata

1001 2212 1061 2244 Est
1087 2214 1119 2246 in
1146 2217 1243 2248 caelis
1270 2218 1427 2252 honorata

1049 2261 1098 2292 De
1123 2271 1263 2303 superna
1287 2267 1401 2306 gloria.

911 2345 931 2376 2
946 2344 977 2377 b.
1011 2345 1132 2378 Christi
1155 2347 1273 2383 florens
1298 2352 1331 2384 iu
1357 2363 1469 2388 amore

1001 2393 1068 2425 Lac
1091 2398 1123 2426 et
1148 2397 1210 2428 mel
1234 2407 1273 2430 ex
1299 2400 1368 2432 eius
1395 2411 1452 2435 ore

1048 2441 1192 2483 Sumpsit
1225 2454 1295 2478 cum
1329 2450 1531 2489 prudentia..
