1655 2713
670 144 906 181 ..35-

144 240 209 273 2a.
241 239 332 272 Haec
359 241 459 281 regali
483 242 586 282 stirpe
611 246 692 282 sata,

243 287 373 320 Pridem
402 288 534 322 Christo
561 291 758 331 desponsata

289 336 428 376 Respuit
453 338 634 378 coniugium
644 351 652 380 ;

143 424 164 456 3
179 433 209 457 a.
242 422 325 454 Dum
351 432 370 455 a
396 423 546 462 praesule
569 427 727 461 sacratur,

243 472 305 504 Per
331 471 511 505 columbam
534 471 613 503 haee
632 472 759 504 velatur

291 519 433 552 Caelesti
461 519 620 552 velamine
631 532 638 560 ;

143 608 209 640 4a.
240 606 409 646 Mundum,
434 615 562 638 carnem
588 606 667 638 haec
685 616 759 648 pro-

475 655 589 686 stravit

244 702 286 735 Et
312 703 477 743 antiquum
506 703 683 734 debellavit

292 751 425 783 Hostem
453 751 530 783 totis
557 751 699 792 viribus;

146 841 166 871 5
181 847 210 871 a.
242 837 365 877 Migrat
389 837 480 877 virgo
504 845 669 876 generosa,

243 885 391 917 Paradisi
417 893 554 916 vernans
582 893 664 923 rosa,

288 932 441 965 Gaudens
467 932 499 963 in
527 931 731 972 caelestibus,

844 241 910 275 2b.
943 241 1104 280 Flagrans
1130 240 1203 280 igne
1232 240 1389 282 caritatis,

939 288 1115 329 Angelicae
1141 288 1301 320 castitatis

987 336 1105 369 Tendit
1131 337 1173 368 ad
1200 335 1374 377 fastigium.

843 425 863 457 3
879 423 911 458 b.
942 423 1141 456 Melbodium
1168 422 1370 460 sublimatur,

939 472 977 505 In
1003 481 1065 512 quo
1091 472 1179 512 virgo
1207 471 1379 502 decoratur

989 520 1087 552 Plena
1113 528 1204 551 sacro
1228 517 1368 552 flamine.

844 606 912 641 4b.
943 606 1057 638 Multis
1084 605 1187 638 modis
1213 605 1356 645 expolita

940 654 1063 686 Mundo
1090 653 1182 685 fulsit
1207 654 1383 693 margarita

989 702 1094 742 Signis
1121 706 1150 733 et
1179 702 1361 734 virtutibus,

841 835 908 867 5b.
941 835 1004 867 Ubi
1031 844 1182 875 sponsum
1209 836 1424 875 amplexatur,

937 886 1024 922 Quae
1050 892 1107 914 nos
1131 884 1198 914 suis
1224 889 1353 914 tueatur

986 931 1113 963 Meritis
1140 936 1171 962 et
1197 932 1358 971 precibuS.

195 1017 301 1047 Officia
322 1019 443 1054 propria
465 1017 609 1045 ecclesiae
627 1017 656 1044 S.
679 1016 883 1044 Waldetrudis
905 1017 975 1052 imp.
998 1018 1093 1044 Duaci
1118 1015 1200 1043 1625.

553 1158 594 1189 31.
637 1159 679 1190 De
701 1159 810 1190 saneto
833 1157 1005 1189 Ambrosio.

140 1252 157 1284 1
177 1261 205 1284 a.
239 1251 430 1283 Recolamus
458 1249 674 1281 venerandam

287 1299 450 1332 Ambrosii
477 1298 662 1329 memoriam

144 1389 208 1420 2a.
242 1386 323 1418 Nam
350 1385 382 1417 in
411 1385 500 1416 cunis
526 1385 557 1416 in
585 1394 620 1416 os
647 1384 714 1415 eius

290 1443 423 1466 examen
449 1443 545 1473 apum
572 1432 717 1473 intravit,

146 1523 210 1554 3a.
242 1520 295 1553 Sic
321 1521 353 1552 in
382 1520 477 1551 melle
502 1519 712 1559 praedicator

287 1568 414 1600 futurus
441 1572 490 1599 est
516 1567 753 1608 praesignatus,

140 1653 205 1685 4a.
235 1651 336 1691 Quam
363 1650 506 1690 suscepit
533 1654 610 1680 nutu
639 1648 698 1680 Dei

288 1704 428 1730 testante
455 1706 531 1730 voce
557 1706 659 1738 pueri,

140 1783 204 1814 5a.
236 1781 298 1813 Hic
331 1780 467 1821 hymnos
499 1783 531 1811 et
562 1779 755 1820 antiphonas

264 1829 383 1870 legitur
408 1829 588 1860 instituisse

137 1909 157 1942 6
172 1917 201 1940 a.
234 1907 370 1939 Gervasi
397 1910 429 1938 et
451 1905 590 1939 Protasii

283 1960 459 1996 martyrum
478 1955 510 1986 in
524 1954 747 1994 translatione,

137 2035 155 2067 7
171 2043 200 2066 a.
232 2033 440 2066 Daemoniaci
467 2037 542 2064 sunt
567 2032 677 2073 plures

282 2082 423 2114 restituti
449 2081 592 2120 sanitati,

138 2162 202 2195 8a.
235 2159 311 2197 Sed,
339 2164 373 2191 ut
400 2158 482 2190 vidit
508 2158 681 2190 multitudo

282 2208 495 2241 Arn'anorum
523 2212 663 2245 sanatos,

135 2287 199 2320 9³.
232 2286 373 2326 Quorum
408 2294 490 2317 unus
527 2284 608 2316 dixit
637 2284 745 2326 palam

279 2334 338 2366 hos
364 2342 474 2366 omnes
493 2342 564 2365 esse
583 2333 745 2375 mentitos,

111 2413 155 2446 10
169 2421 199 2448 a.
231 2411 400 2445 Honorato
426 2410 627 2444 Vercellensi

279 2460 366 2494 facta
398 2464 448 2493 est
472 2470 533 2493 vox
557 2458 742 2502 dormienti,

843 1250 859 1282 1
878 1248 908 1281 b.
941 1249 1061 1282 Summi
1088 1249 1149 1280 Dei
1175 1249 1399 1281 admirandam

988 1298 1186 1330 venerantes
1214 1298 1428 1330 clementiam.

839 1386 858 1417 2
875 1384 906 1417 b.
937 1384 1028 1423 Quod
1056 1385 1165 1416 exiens
1192 1393 1294 1424 neque
1316 1384 1449 1415 laedens

983 1433 1058 1464 hinc
1084 1433 1125 1464 ad
1153 1433 1275 1464 caelum
1299 1433 1449 1467 evolavit.

836 1520 856 1551 3
872 1518 903 1551 b.
934 1518 1446 1560 Quodcomplevit‚duminfulam

983 1568 1123 1607 suscepit
1150 1567 1367 1608 pontificatus.

839 1649 904 1682 4b.
936 1649 1019 1680 Dum
1046 1649 1204 1681 niteretur
1229 1650 1345 1682 sedare

985 1698 1163 1730 dissensum
1183 1698 1289 1738 plebis
1308 1703 1338 1730 et
1358 1699 1437 1731 cleri

841 1782 859 1813 5
876 1779 906 1812 b.
939 1780 981 1812 Et
1008 1781 1168 1820 quandam
1196 1782 1409 1821 paralyticam

983 1829 1051 1860 solo
1077 1834 1165 1861 tactu
1192 1831 1366 1863 sanavisse.

834 1907 854 1938 6
870 1906 900 1941 b.
932 1906 1032 1946 Quam
1060 1907 1169 1938 divina
1195 1907 1377 1939 admonitus

980 1954 1057 1986 fecit
1085 1956 1291 1997 revelatione,

820 2018 851 2065 Ἴ7
869 2032 900 2066 b.
931 2033 973 2065 Et
1000 2038 1135 2073 propter
1161 2034 1221 2065 hoc
1249 2034 1415 2065 christiani

977 2087 1051 2113 sunt
1077 2082 1109 2113 in
1136 2081 1201 2114 fide
1227 2083 1370 2115 solidati.

834 2160 854 2192 8
871 2158 903 2192 b.
934 2159 1139 2191 Exclamavit
1168 2159 1224 2191 hos
1252 2164 1421 2200 corruptos

980 2208 1085 2247 pretio
1111 2212 1144 2238 et
1170 2207 1334 2240 liberatos.

831 2284 896 2318 9b.
930 2285 1030 2316 lmmo
1057 2284 1088 2315 in
1115 2284 1177 2316 Dei
1206 2285 1325 2316 virtute

977 2333 1136 2364 veraciter
1163 2333 1345 2372 expeditos

807 2411 849 2444 10
865 2410 896 2444 b.
934 2411 978 2444 Ut
1004 2410 1259 2442 communionem
1289 2411 1382 2443 daret

976 2458 1149 2492 Ambrosio
1176 2460 1338 2494 morienti.

1230 2515 1271 2544 3*
