1655 2713
728 158 963 192 —85-

580 258 632 290 12.
660 256 739 295 Regi
765 253 856 287 nefas
883 254 1081 296 dehortatur,

659 304 743 335 Huic
767 303 905 335 adversa
930 301 1150 338 comminatur,

660 351 750 383 Finis
777 350 823 382 rei
851 351 1089 382 demonstratur

661 399 788 437 Sancto,
813 399 859 430 ita
885 398 938 438 qui
964 397 1130 437 probatur.

698 447 799 478 Nobis
827 447 921 478 detur
946 445 1049 478 venia.

266 542 346 570 offic.
377 551 426 568 ms.
451 542 477 568 S.
500 541 662 569 Bemhardi
691 550 766 569 saec.
798 539 840 568 16.
865 541 934 568 Cod.
957 540 1052 576 Capit.
1074 540 1218 568 Sedunen.
1247 537 1370 567 72—17.
1392 553 1427 557 --
1449 538 1507 565 Cfr.

188 582 263 607 Acta
284 581 334 608 SS.
357 581 419 607 Iun.
442 581 495 613 111,
518 590 543 616 p.
565 579 629 607 556.

214 821 274 852 la.

214 1106 274 1137 2a.

217 1391 275 1422 3a.

215 1582 275 1611 4a.

218 1867 275 1897 5a.

218 2153 278 2184 6a.

609 720 654 751 86.
697 721 738 751 De
759 722 867 751 sancto
889 719 1082 750 Bernhardo.

309 820 396 852 Caeli
423 820 543 850 nardus

354 867 490 906 Fragrat
515 867 623 907 signis,

307 915 389 946 Dum
417 913 633 952 Bernhardus,

356 963 412 993 Vir
437 962 580 1002 insignis,

403 1010 510 1040 Firma
537 1010 650 1041 mentis
676 1010 743 1041 acie

309 1105 390 1136 Nam
417 1108 539 1135 amator

359 1152 521 1183 Castitatis

307 1201 356 1231 Ac
382 1200 502 1230 zelator

357 1247 543 1278 Sanctitatis

406 1294 479 1325 Fuit
505 1295 545 1325 ab
571 1294 715 1329 infantia.

313 1389 434 1429 Gaude,
463 1387 540 1420 felix
566 1390 688 1429 religio,

314 1436 472 1467 Laetitiae
499 1436 625 1476 fastigio

360 1485 407 1515 De
433 1484 528 1515 laude
551 1486 630 1516 tanti
657 1485 770 1524 patris,

311 1579 397 1618 Quae
424 1579 496 1610 dum
524 1580 635 1611 laudes

359 1627 552 1666 Dilatantur,

310 1675 419 1705 Hostis
445 1674 576 1706 fraudes

357 1722 590 1762 Expugnantur

405 1770 504 1801 Verbi
530 1770 591 1801 Dei
616 1770 732 1809 gladio,

312 1865 336 1896 O
364 1865 539 1903 Bernarde‚

358 1912 424 1943 Nos
450 1916 619 1953 gementes,

310 1960 458 2000 Quamvis
485 1960 577 1991 tarde

356 2006 570 2047 Paenitentes‚

406 2056 524 2096 Regnis
550 2060 625 2096 apta
652 2055 787 2086 caelicis.

314 2150 380 2182 Nos
403 2151 531 2183 Christo
557 2151 737 2189 reconcilia,

314 2199 409 2230 Cuius
436 2204 537 2230 mater
563 2203 593 2230 et
619 2198 685 2230 filia

360 2247 461 2278 Tuum
487 2246 548 2278 fuit
573 2248 723 2289 solamen,

902 819 960 852 lb.

899 1105 962 1139 2b.

904 1389 967 1422 3b.

901 1580 962 1613 4b.

903 1866 964 1899 5b.

905 2153 965 2186 6b.

996 820 1059 851 Hic
1084 827 1260 858 aspernans

1041 867 1155 898 Mundi
1181 865 1301 908 florem,

995 916 1059 948 Ceu
1085 913 1143 945 flos
1170 923 1307 945 vernans

1041 962 1106 993 Dat
1131 962 1262 993 odorem

1090 1010 1225 1041 Virtutis
1252 1014 1283 1040 et
1308 1010 1441 1050 gratiae.

998 1105 1062 1136 Per
1087 1104 1171 1136 hunc
1196 1104 1285 1136 fulsit

1042 1153 1110 1184 Lux
1138 1153 1212 1191 diei,

997 1200 1076 1231 Dum
1104 1200 1240 1231 suffulsit

1042 1248 1176 1279 Domum
1207 1248 1265 1279 Dei

1093 1296 1266 1327 Doctrinae
1293 1295 1480 1336 fragrantia.

1003 1390 1114 1421 Dulcis
1141 1391 1211 1422 Iesu
1237 1391 1290 1430 qui
1317 1391 1451 1422 nominis

999 1438 1059 1469 Dei
1085 1438 1199 1477 pandit
1225 1443 1255 1469 et
1283 1438 1420 1470 hominis

1045 1486 1235 1525 Laudesque
1261 1495 1336 1518 suae
1361 1487 1483 1519 matris.

1000 1581 1152 1612 Imitandi

1044 1628 1203 1660 Christum
1230 1639 1373 1661 normam

997 1676 1039 1707 Et
1062 1677 1190 1708 amandi

1045 1724 1144 1756 Dedit
1168 1723 1303 1757 formam

1094 1772 1188 1804 Claro
1214 1773 1298 1804 vitae
1325 1774 1426 1807 radio.

999 1866 1047 1898 Ibi
1073 1868 1172 1899 melos

1044 1915 1234 1954 Modularis‚

996 1962 1079 1994 Dum
1104 1963 1145 1994 ad
1171 1965 1276 1996 caelos

1044 2011 1199 2043 Evocaris

1092 2059 1205 2091 Choris
1232 2070 1301 2092 curn
1327 2062 1492 2101 angelicis,

1000 2154 1045 2186 Ut
1070 2156 1180 2187 mundi
1207 2161 1280 2196 post
1305 2156 1474 2198 naufragia

999 2202 1123 2234 Mariae
1150 2213 1210 2243 per
1236 2204 1387 2246 suffragia

1047 2251 1115 2283 Deo
1141 2250 1295 2286 fruamur.
1346 2255 1462 2287 Amen.

271 2342 352 2368 Missv
383 2351 436 2369 ms.
459 2342 653 2369 Olomucense
679 2343 749 2369 anni
780 2341 860 2370 1494.
886 2343 954 2371 Cod.
978 2345 1007 2372 S.
1028 2346 1130 2373 Iacobi
1151 2347 1278 2374 Brunen.
1300 2345 1327 2375 8.
1349 2362 1385 2366 -—
1407 2347 1466 2383 31³,
1493 2349 1512 2378 2

190 2381 246 2408 Dei
268 2381 384 2415 parvuli
406 2383 443 2408 et.
464 2395 500 2399 —
521 2380 573 2413 4a,
597 2379 609 2407 1
633 2381 722 2415 Quas.
742 2396 780 2400 —
801 2380 857 2416 61),
879 2380 897 2409 2
917 2383 1023 2410 Matris
1044 2393 1102 2420 per.
1126 2399 1161 2403 —
1185 2385 1356 2423 Beachtuug
1376 2388 1511 2416 verdient

190 2417 243 2451 3b,
268 2419 281 2445 1
304 2428 405 2455 wegvn
426 2422 477 2446 der
497 2420 685 2455 Anspielung
705 2421 758 2447 auf
776 2421 888 2454 „Jesu
909 2421 1032 2450 dulcis
1053 2424 1266 2457 memoria“‚
1289 2425 1414 2454 welches
1436 2428 1510 2456 Lied

191 2457 254 2484 also
275 2458 326 2485 der
348 2458 498 2486 Verfasser
518 2458 614 2486 dieser
635 2460 769 2494 sequenz
787 2459 853 2487 dem
874 2460 913 2487 111.
934 2461 1087 2488 Bemhard
1109 2462 1285 2491 zuschreibt.
