1655 2713
674 177 939 213 —313—

164 263 225 297 8a.
258 265 417 300 Caelestis
443 271 574 303 nuntius

259 314 395 347 Assistit
420 319 565 359 propius,

258 361 476 405 Servatorque
503 369 610 399 carnis

305 411 450 444 turbavit
473 414 670 451 intestinum.

160 496 221 528 9a.
251 496 399 538 Languet
418 509 540 540 amans,
565 502 661 534 cubat
678 503 773 543 lecto,

255 544 404 586 Dumque
421 548 504 579 iacet
521 549 619 581 cubili
633 555 769 590 secreto,

302 594 438 627 Revelat
465 598 670 636 mysterium:

133 684 177 716 10
188 693 216 716 a.
250 684 284 716 Si
310 685 352 717 sit
378 696 469 718 amor
497 698 602 728 verus,
629 699 740 722 amans

250 732 305 764 Nil
334 735 515 768 committas
542 738 623 768 sicut
648 747 768 781 amens,

252 781 315 813 Sed
342 783 386 814 sis
412 788 538 816 amator
563 785 712 826 vigilans,

299 830 424 863 Cavens
453 833 665 875 detestabile;

130 920 214 953 113.
246 921 367 954 Caecus
393 933 504 956 amans
531 925 614 956 hanc
632 928 763 968 amavit,

248 970 343 1002 Hunc
368 982 476 1004 amare
500 975 671 1009 recusavit.

297 1019 365 1052 Sibi
391 1030 527 1060 poscens
555 1023 710 1056 alterum:

128 1105 170 1137 12
185 1114 214 1137 3.
246 1106 284 1138 In
310 1107 460 1147 sepulcro
487 1109 667 1141 latitantem

247 1154 291 1186 Et
317 1158 488 1195 tyrannum
516 1156 691 1197 fugientem

295 1203 425 1235 Invenit
450 1205 617 1238 Urbanum
629 1218 636 1249 3

124 1289 168 1322 13
180 1298 210 1323 3.
242 1290 342 1328 Quem
369 1291 482 1323 videns
510 1293 661 1326 Urbanus

242 1337 363 1371 Factus
390 1345 439 1371 est
465 1341 622 1373 humanus

290 1387 327 1419 In
354 1397 505 1428 sponsum
534 1390 697 1432 humilem,

240 1474 422 1507 Seminator
448 1477 529 1508 casti
557 1479 683 1510 consilii

238 1522 281 1554 Et
304 1523 440 1563 largitor
464 1526 546 1557 tanti
572 1528 728 1570 mysterii,

287 1571 451 1604 Seminum
470 1575 599 1614 suscipe
618 1574 741 1608 fructus

120 1473 164 1506 14
179 1482 208 1506 3.

744 1603 752 1619 7

120 1658 204 1691 153.
236 1658 338 1691 Serva
364 1660 437 1701 Dei,
466 1661 618 1699 Caecilia,

236 1706 388 1740 Deservit
416 1718 486 1740 cum
515 1709 638 1742 familia

235 1757 380 1789 Aeterna
406 1767 542 1797 poscens
569 1760 661 1792 atria.

111 1842 196 1876 163.
232 1843 392 1883 Sponsum
420 1844 542 1877 habens
560 1849 596 1878 ut
614 1846 748 1889 leonem,

229 1893 330 1932 Quem
357 1894 537 1926 sustinebat
564 1893 715 1936 ferocem,

231 1940 329 1973 Cuius
353 1951 458 1974 mores
485 1943 518 1975 in
545 1953 687 1976 amorem

278 1989 404 2023 Nititur
429 1991 613 2035 inflectere3

106 2076 148 2109 17
160 2085 191 2109 a.
222 2077 320 2117 Ecce,
346 2087 445 2110 senex
473 2084 607 2120 repente
633 2081 722 2113 venit

226 2126 360 2159 Habens
373 2127 492 2160 librum
505 2132 620 2161 aurata
629 2129 725 2162 litera
736 2141 744 2169 ς

102 2212 144 2246 18
156 2222 186 2247 a.
216 2213 323 2246 Affert
349 2224 485 2248 coronas

221 2262 272 2295 De
298 2263 389 2295 caelo
415 2263 508 2304 latas,

219 2309 320 2344 Flore
347 2317 520 2344 vernantes

266 2360 298 2392 A
325 2360 415 2393 caelo
440 2369 568 2403 magno,

99 2447 144 2481 19
156 2456 187 2480 3.
218 2447 269 2479 Tu
293 2447 429 2488 pudoris
454 2448 665 2490 signaculum,

221 2496 274 2529 Tu
299 2496 450 2530 candoris
477 2505 511 2529 es
537 2497 651 2541 lilium,

862 275 924 309 8b.
958 277 1081 319 Corpus
1107 279 1204 312 habet
1229 281 1389 315 illibatum

960 326 1003 357 Et
1028 336 1046 358 a
1073 328 1160 360 nullo
1187 329 1350 371 violatum,

1007 375 1060 406 Ab
1087 377 1200 417 angelo
1229 379 1434 415 custoditum.

861 506 922 539 ab.
957 508 1015 539 Est
1044 510 1123 541 mihi
1151 512 1314 555 divinitus,

954 556 1071 596 Inquit,
1101 559 1211 591 (latum
1240 562 1373 594 caelitus

1001 605 1088 637 Sicut
1117 608 1247 639 verbum
1273 611 1468 650 angelicum.

834 694 878 726 10
889 693 921 727 b.
954 695 1043 727 Tunc
1067 703 1253 731 ostensurus
1279 702 1414 741 gloriam

952 743 1026 775 Tibi
1053 747 1244 784 promittens
1271 754 1445 792 aeternam,

951 792 1027 823 Sine
1052 793 1113 824 fine
1141 804 1392 836 permansuram,

999 842 1086 880 Opus
1113 843 1313 877 admirabile.

827 930 867 962 11
882 929 912 961 b.
953 932 1116 971 „Sponsus
1140 944 1227 965 nicus
1247 941 1292 966 est
1313 937 1344 968 in
1365 939 1464 979 caelo,

951 980 1014 1010 Hic
1043 981 1161 1012 habere
1190 992 1341 1022 sponsum
1369 986 1442 1018 nolo

998 1028 1124 1060 Educta
1152 1040 1209 1069 per
1235 1032 1415 1071 angelum.“

830 1113 916 1146 121).
947 1115 1087 1146 Mortem
1115 1116 1175 1147 sibi
1203 1118 1385 1150 molientem

946 1163 988 1194 Et
1024 1164 1055 1194 in
1093 1166 1216 1196 cunctis
1244 1168 1461 1206 trepidantem

995 1212 1112 1252 Effugit
1142 1213 1322 1252 profanum.

829 1297 870 1330 13
886 1297 917 1329 b.
951 1298 1149 1339 Missumque
1178 1301 1330 1333 divinitus

945 1347 1088 1386 Agnovit
1114 1349 1306 1381 titubantem

992 1397 1141 1427 Iuvenem
1171 1397 1327 1438 fragilem.

820 1481 862 1513 14
874 1480 904 1513 b.
939 1484 1024 1521 Quos
1051 1484 1189 1515 seminas
1216 1486 1247 1516 in
1276 1487 1408 1529 virgine,

940 1531 1108 1571 Incognita
1135 1533 1175 1564 ab
1203 1534 1340 1573 homine,

985 1579 1120 1612 Divinos
1144 1582 1255 1621 accipe
1282 1588 1404 1622 partus,

818 1664 904 1698 15b.
935 1667 1128 1699 Aduncatur
1158 1670 1277 1708 eculeo,

936 1715 980 1748 Ut
1008 1716 1077 1755 apis
1103 1717 1246 1750 alveario

936 1763 1008 1796 Non
1035 1765 1182 1805 indigens
1209 1768 1339 1800 auxilio.

815 1849 858 1881 16
870 1849 899 1881 b.
932 1850 1021 1882 Sicut
1048 1852 1127 1891 ovis,
1156 1853 1237 1885 sieut
1265 1864 1363 1894 agnus

934 1899 1127 1932 Immutatur
1153 1903 1362 1945 inconsultus,

932 1948 991 1987 Qui
1012 1949 1044 1980 in
1064 1951 1188 1982 cunctis
1208 1956 1254 1982 est
1270 1953 1446 1993 modestuS‚

980 1998 1087 2030 Potuit
1116 2005 1315 2032 convertere.

810 2083 851 2116 17
865 2083 896 2115 b.
929 2083 982 2116 Sic
1008 2085 1054 2116 ita
1081 2084 1184 2117 fatur:
1214 2097 1294 2119 unus
1321 2088 1419 2130 Deus,

928 2133 1002 2166 Una
1028 2133 1119 2172 fides,
1148 2144 1242 2167 unum
1271 2136 1442 2176 baptisma.

803 2218 846 2252 18
858 2219 889 2252 b.
922 2220 1025 2252 Rosas
1053 2221 1227 2253 candentes

924 2269 968 2300 Et
993 2268 1206 2308 albescentes,

922 2316 1094 2357 Nunquam
1121 2323 1302 2350 marcentes

970 2366 1000 2397 A
1031 2365 1100 2398 Deo
1127 2375 1259 2399 summo.

801 2451 886 2486 19b.
918 2452 967 2484 Tu
994 2453 1121 2485 decoris
1147 2459 1380 2499 ornamentum,

922 2501 1090 2535 Castitatis
1118 2511 1151 2534 es
1177 2503 1328 2544 sigillum.
