1655 2713
682 159 943 195 —269—

550 297 619 329 303.
659 299 701 330 De
724 309 748 332 s.
771 301 888 334 Thomu
910 304 1076 343 Aquinate.

168 381 229 415 la.
259 383 459 417 Iucundetur
484 387 516 418 in
545 387 604 420 hac
634 390 686 422 die

264 431 346 464 Nisu
371 437 440 467 toto
465 436 580 468 mentis
607 437 679 478 piae

312 481 455 514 Thomae
481 484 574 524 plebs
601 487 757 530 devotius,

165 571 226 604 23.
258 571 399 612 Stirpem
428 575 546 607 claram

263 620 426 661 Linquens
445 622 562 663 infans,
582 629 617 656 ut
635 635 775 659 amaram

311 669 390 701 Rem
419 671 584 705 detestans

360 720 480 751 saeculi
507 721 719 762 lenocinium;

161 808 223 841 3a.
254 809 364 842 Mater
388 811 505 851 probat
531 815 612 846 turri
639 819 752 852 tutum.

260 858 358 891 Unde
384 864 477 892 norat
504 861 563 893 Dei
589 867 711 900 nutum,

310 907 395 939 Hinc
422 909 561 941 exsultat
587 911 726 944 uberius„

161 997 222 1028 4a.
255 997 371 1030 Pressa
397 1009 491 1032 cruce
517 1001 602 1033 humi
628 1004 742 1035 stravit

255 1045 400 1086 Carnem,
429 1058 520 1088 quam
555 1049 617 1081 sibi
644 1052 768 1091 rogavit

299 1095 422 1129 Muniri
449 1097 615 1139 castitate3

157 1185 217 1218 5a.
249 1185 362 1228 Orans,
389 1191 496 1220 mente
522 1188 591 1221 Deo
618 1188 714 1229 fixus,

251 1232 348 1266 Nullo
375 1233 562 1269 fulcimento
590 1238 682 1270 nixus

298 1282 335 1314 In
361 1292 437 1316 aera
464 1286 624 1326 cernitur;

151 1377 210 1409 6a.
245 1377 407 1411 Christum
442 1383 546 1414 crucis
582 1384 614 1415 in
639 1388 764 1416 tortura

243 1427 386 1460 Precans
415 1429 528 1462 doctor
545 1436 651 1464 mente
670 1442 761 1476 pura,

293 1476 337 1509 Ut
364 1475 478 1510 fremet
506 1480 643 1523 eloquia,

150 1571 168 1603 7
180 1581 210 1605 a.
241 1572 407 1606 Scandcns
425 1576 600 1609 cathedrae
619 1576 780 1619 fastigium

244 1620 416 1662 Nunquam
445 1625 544 1657 sensit
571 1626 761 1666 pestiferum

289 1671 458 1704 Stimulum
487 1675 630 1708 tumoris.

144 1765 204 1799 8a.
237 1766 334 1799 Sidus
375 1770 505 1802 missum
535 1772 623 1803 caelo
648 1781 764 1804 novum

244 1815 387 1850 Thomae
405 1818 510 1859 signat
528 1829 601 1852 mox
617 1821 786 1854 transitum

292 1864 342 1898 De
368 1867 474 1899 carnis
501 1869 672 1909 ergastulo,

144 1963 164 1995 9
175 1970 204 1995 3.
238 1963 364 2004 corpus
376 1965 504 2006 praesul
516 1966 757 1999 redditsacrum

239 2011 362 2044 Fossae
389 2013 501 2046 Novae
526 2015 730 2059 occultatum,

289 2061 440 2095 Exsultat
467 2061 605 2096 fratrum
632 2065 757 2105 oonti03

124 2157 167 2190 10
179 2166 209 2190 a.
241 2159 300 2191 Pie
325 2163 430 2199 pater,
459 2159 509 2192 fer
534 2161 687 2204 solamen,

235 2207 296 2247 Qui
321 2206 412 2240 fuisti
438 2209 470 2241 in
493 2212 637 2241 tutamen

237 2257 367 2297 Aegris,
383 2257 498 2296 caecis,
513 2258 631 2297 surdis,
647 2258 783 2300 claudis,

234 2303 338 2337 Defer
362 2309 487 2338 scutum
520 2305 624 2338 bonae
650 2307 756 2339 laudis

284 2354 371 2386 Ante
394 2354 541 2387 strictum
568 2355 732 2388 iudicium.

873 394 932 430 lb.
965 396 1062 428 Cuius
1089 401 1191 428 ortum
1221 398 1340 430 clarum
1368 399 1453 430 vitae

964 444 1058 476 Miris
1084 446 1182 486 signis
1208 445 1332 486 profert
1358 449 1419 479 rite

1009 493 1109 525 Matri
1135 493 1194 525 Dei
1223 495 1360 529 nuntius,

865 582 928 615 2b.
960 583 1086 615 Morum
1113 590 1224 624 gratus

961 631 1172 665 Praedicator
1197 634 1231 666 fit
1258 635 1383 674 beatus,

1004 679 1056 712 Sic
1082 683 1187 720 patuit

1051 729 1109 760 viri
1134 732 1235 762 sancti
1255 733 1468 773 praesagium.

862 817 926 852 3b.
957 820 1083 852 Blanda
1111 829 1186 852 voce
1212 826 1244 853 ut
1273 824 1413 863 anguilla

956 867 1084 900 Titioue
1111 877 1203 901 caesa
1230 871 1285 902 illa

1004 917 1032 947 lt
1059 918 1240 957 suggestrix
1268 919 1415 954 celerius.

855 1005 917 1038 4b.
949 1008 1104 1047 Angelica
1132 1019 1242 1040 manus
1270 1011 1367 1043 cinxit

950 1055 1090 1087 Lumbos
1118 1057 1184 1088 eius
1212 1061 1243 1088 et
1270 1060 1436 1091 restrinxit

998 1105 1026 1135 A
1056 1104 1147 1136 luxus
1174 1109 1346 1148 potestate.

849 1191 911 1226 51).
945 1194 986 1233 Ο,
1015 1204 1106 1235 quem
1134 1196 1249 1236 probat
1277 1198 1342 1230 vita
1368 1209 1460 1242 pura,

947 1243 1009 1274 Hic
1036 1244 1176 1286 illaesus7
1205 1255 1223 1277 a
1249 1255 1401 1286 pressura

994 1292 1108 1324 Carnis
1136 1293 1209 1326 dum
1238 1295 1398 1329 eximitur.

851 1386 913 1421 6b.
945 1388 1124 1421 Crucifixus
1153 1389 1223 1422 fans
1251 1392 1290 1423 de
1317 1401 1428 1424 cruce:

944 1436 1031 1468 Bene
1059 1438 1098 1470 de
1123 1448 1190 1477 me,
1225 1439 1366 1482 Thoma‚
1393 1446 1462 1473 tute

992 1485 1145 1518 Exarasti
1173 1488 1289 1520 onmia.

846 1580 908 1615 7b.
941 1582 1039 1614 Curat
1067 1583 1158 1614 febre
1184 1582 1342 1616 furentem

943 1629 1144 1672 Sangineque
1170 1631 1320 1664 fluentem

989 1678 1050 1711 Dei
1077 1681 1126 1711 vis
1147 1682 1276 1715 amoris.

851 1774 914 1809 Sb.
945 1775 1065 1816 Migrat
1090 1777 1212 1819 doctor,
1239 1779 1458 1822 praedicator,

940 1824 1095 1856 Veritatis
1123 1831 1282 1866 exarator,

993 1873 1096 1905 Datus
1123 1875 1196 1906 huic
1222 1876 1360 1908 saeculo.

843 1968 906 2004 9b.
939 1970 1055 2011 Fulget
1089 1980 1206 2012 corpus
1239 1972 1327 2004 miris
1353 1974 1454 2013 novis,

939 2019 1040 2050 Levat
1076 2021 1204 2060 praesul
1241 2021 1324 2053 divis
1352 2021 1457 2062 donis,

990 2067 1117 2100 Gaudet
1146 2069 1283 2102 Tolosae
1309 2071 1407 2111 regio.

825 2163 911 2196 10b.
943 2164 1093 2204 Thomas,
1114 2165 1206 2197 iubar
1225 2167 1345 2198 micans
1369 2168 1455 2207 polo.

944 2213 1086 2253 Duplum
1103 2218 1224 2245 sertum
1244 2213 1309 2246 fers
1328 2215 1359 2246 in
1374 2216 1457 2248 collo

941 2261 1148 2294 certantibus
1175 2262 1207 2294 in
1233 2272 1345 2305 agone,

937 2310 1004 2342 Fac
1022 2318 1080 2341 nos
1099 2310 1213 2350 dignos
1230 2320 1303 2343 mox
1321 2321 1457 2344 coronae

988 2358 1066 2390 l‘ost
1091 2358 1184 2390 huius
1210 2359 1296 2391 vitae
1321 2361 1454 2395 exitum.

193 2448 317 2478 collect.
334 2459 388 2478 ms.
402 2451 647 2479 Praedicator-um
663 2460 740 2480 saec.
759 2450 804 2481 15.
818 2453 889 2482 eod.
904 2455 1046 2483 Graecen.
1061 2452 1128 2483 347.
1142 2469 1181 2474 —
1195 2456 1253 2483 Mit
1264 2456 1401 2485 Melodie.
1417 2474 1452 2478 —

114 2487 167 2522 lb,
187 2486 206 2516 3
226 2488 332 2517 Mater.
353 2504 392 2508 —
412 2488 466 2524 3b,
490 2489 503 2518 1
526 2494 556 2518 et
576 2490 720 2528 anguilla.
741 2507 780 2512 —
803 2491 856 2526 51),
877 2491 896 2521 3
916 2494 985 2521 dum
1007 2493 1089 2521 fehlt.
