1655 2713
765 165 1027 199 —214—

262 262 283 294 4
299 269 327 293 a.
361 260 455 293 Cuius
481 262 547 293 vita
571 266 747 294 ceterorum

406 309 475 341 Lux
503 313 549 341 est
574 314 604 340 et
630 309 816 351 instructi03

951 261 1013 295 4b.
1045 261 1142 294 Cuius
1167 261 1262 295 funus
1288 263 1473 303 augelorum

1094 311 1211 343 Sancto
1236 311 1414 343 ministerio

694 408 725 438 5.
753 405 889 445 Hymnis
916 405 1100 439 honoratur.

315 499 397 525 Miss.
426 508 478 525 ms.
502 499 671 525 'l'uronense
699 508 774 526 saec.
803 498 846 526 15.
869 499 938 527 Cod.
959 500 1106 527 Turonen.
1135 499 1197 527 191.
1221 515 1255 519 —-
1277 501 1333 528 Str.
1360 501 1378 529 5
1408 502 1483 529 habe
1505 501 1553 529 ich

241 537 359 571 erganzt
380 545 432 563 aus
454 537 517 563 dem
539 535 564 564 8.
586 537 813 573 Responsoriurn
840 538 890 565 des
912 538 1051 574 heutigen
1072 539 1384 567 Martinus-Officium
1405 541 1445 567 im
1467 541 1554 568 Brev.

238 576 410 601 Romanum.
450 575 586 601 Offenbar
608 577 646 601 ist
666 576 793 603 niimlich
814 576 1008 604 vorstehende
1028 577 1161 613 Sequenz
1180 578 1386 614 urspriinglich
1402 580 1468 606 eine
1483 579 1553 606 Ver-

239 614 305 639 bera
327 622 468 648 gewesen,
490 614 543 640 mit
563 613 613 640 der
634 614 777 641 Melodie:
800 615 996 650 Sospitati.

668 764 734 795 238.
777 766 818 796 De
838 767 947 796 saneto
969 766 1111 798 Mai-tino.

655 861 683 892 1.
712 859 901 892 Gratuletur
926 860 1002 892 urbs
1029 862 1144 894 devota

710 907 906 939 Turonorum
934 913 1038 940 mente
1065 913 1142 952 tota,

757 955 915 988 Concordi
941 957 1073 989 laetitia.

261 1049 321 1080 2a.
352 1048 449 1080 Plebs
475 1049 605 1080 resultet
633 1050 815 1091 electorum,

356 1095 450 1127 Sonet
477 1100 506 1126 et
533 1096 602 1127 laus
628 1097 814 1129 clericomrn

402 1143 438 1174 In
464 1143 596 1175 Martini
622 1145 732 1184 gloria.

266 1239 324 1269 3a.
355 1238 397 1269 Et
423 1247 479 1269 nos
505 1247 612 1270 onmes
638 1239 806 1271 iubilemus

356 1285 399 1316 Et
424 1286 560 1317 iucunde
586 1286 780 1319 celebremus

403 1333 480 1364 Eius
506 1334 662 1371 natalitia,

261 1428 321 1458 43.
360 1427 433 1469 „Me
451 1428 609 1460 Martinus
635 1429 694 1461 hac
721 1431 859 1462 contexit

358 1475 452 1506 Veste
472 1475 566 1507 data“
582 1488 587 1515 ;
612 1486 702 1516 quam
721 1478 859 1518 inspexit

403 1523 479 1555 Post
505 1527 661 1556 ostensam
689 1526 832 1561 caelitus,

262 1619 280 1650 5
294 1627 321 1649 a.
352 1618 449 1657 Quem
467 1617 611 1658 perfudit
628 1620 682 1652 lux
702 1621 857 1660 caelestis,

355 1665 451 1698 Cuius
477 1665 588 1706 globus
611 1667 692 1707 ignis
718 1669 809 1700 testis

403 1713 519 1746 Exstat
545 1715 833 1749 circumstantibus.

258 1809 317 1840 6a.
348 1808 434 1848 Ergo
458 1809 553 1840 talem
579 1810 768 1843 honoremus

352 1856 395 1887 Et
421 1857 576 1889 instanter
601 1867 766 1891 exoremus

401 1905 582 1936 Praesulem
610 1907 779 1947 egregium,

946 1051 1007 1083 2b.
1039 1052 1148 1084 Omnis
1174 1054 1311 1086 mundus
1333 1056 1394 1086 iam
1413 1055 1551 1088 laetetur

1039 1099 1082 1131 Et
1108 1101 1233 1132 sincere
1260 1108 1429 1134 veneretur

1087 1149 1191 1188 Ipsius
1217 1150 1392 1184 sollemnia.

947 1242 1011 1275 31).
1041 1243 1110 1283 Qui,
1139 1252 1207 1275 cum
1234 1245 1311 1276 nudi
1335 1246 1515 1286 miseretur,

1040 1291 1202 1323 Christum
1229 1293 1305 1332 tegit
1333 1298 1363 1325 et
1390 1299 1530 1327 meretur

1085 1339 1209 1371 Audire
1232 1341 1407 1374 divinitus:

945 1432 1007 1465 4b.
1038 1433 1100 1464 Hic
1134 1435 1206 1466 dum
1242 1439 1341 1468 staret
1367 1438 1408 1469 ad
1436 1438 1548 1481 altare,

1041 1481 1111 1513 Non
1140 1483 1284 1515 cessabat
1312 1493 1447 1517 exorare

1090 1530 1153 1561 Pro
1177 1532 1353 1564 commissis
1378 1533 1500 1566 ovibus.

943 1623 1002 1655 5b.
1034 1624 1155 1656 Febres
1182 1625 1271 1666 fugat
1296 1637 1356 1668 ope
1384 1638 1527 1670 precum,

1038 1673 1161 1712 Aegros
1180 1678 1281 1717 sanat,
1301 1677 1426 1716 quinos
1439 1687 1547 1710 secum

1085 1720 1189 1753 Ducat
1214 1725 1344 1762 praesul
1370 1725 1510 1758 inclitus.

943 1814 1003 1847 6b.
1035 1815 1078 1847 Ut
1104 1825 1163 1855 per
1187 1817 1291 1856 ipsum
1318 1820 1480 1853 valeamus

1036 1863 1196 1906 Adipisci‚
1222 1866 1306 1905 quod
1333 1872 1491 1911 optamus,

1084 1911 1231 1944 Paradisi
1256 1915 1417 1954 gaudium.

310 1999 392 2025 Miss.
414 1998 631 2028 Cenomanense
659 2002 728 2036 imp.
749 2002 872 2030 Parisiis
902 2002 983 2031 1494.
1014 2005 1048 2032 Α.
1070 2021 1105 2024 —
1126 2007 1209 2034 Miss.
1234 2010 1455 2039 Cenomanense
1477 2013 1547 2049 imp.

234 2037 360 2063 Parisiis
384 2036 464 2064 1559.
486 2039 518 2065 Β.
539 2053 576 2056 -
596 2040 679 2066 Miss.
702 2039 873 2069 Redonense
893 2043 961 2078 imp.
983 2043 1106 2071 Parisiis
1130 2044 1212 2072 1492.
1235 2047 1266 2074 C.
1286 2063 1324 2066 —
1344 2049 1428 2077 Miss.
1449 2051 1545 2079 Redo-

233 2084 324 2102 nense
351 2077 419 2111 imp.
440 2076 563 2103 Parisiis
595 2075 674 2105 1523.
697 2078 732 2105 D.
754 2094 791 2098 —
811 2081 894 2107 Miss.
915 2081 1088 2109 Redonense
1109 2084 1177 2119 imp.
1199 2085 1324 2113 Parisiis
1349 2086 1431 2116 1533.
1452 2089 1488 2117 E.
1510 2105 1547 2110 —

234 2112 291 2146 3b,
313 2111 331 2140 2
351 2115 472 2141 miretur
492 2114 607 2142 ACDE.
628 2131 665 2135 —
686 2115 741 2150 51),
762 2115 780 2145 3
800 2118 896 2146 Ducet
916 2120 949 2146 B.

668 2268 734 2300 239.
777 2270 820 2301 ne
842 2273 948 2303 sancto
969 2272 1112 2304 Mar-tino.

265 2360 321 2392 1a.
352 2361 756 2404 Archi-summi-praesulis

353 2409 391 2441 In
416 2410 549 2442 Martini
574 2411 674 2444 titulis

399 2457 526 2491 Gaudet
551 2460 638 2492 orbis
662 2461 777 2505 orbita,

944 2368 960 2400 1
976 2367 1007 2401 b.
1040 2368 1137 2401 Cuius
1163 2376 1279 2404 canunt
1304 2373 1400 2407 hodie

1037 2417 1101 2449 Per
1125 2420 1276 2453 mundum
1304 2424 1459 2459 ecclesiae

1083 2466 1162 2499 Tam
1187 2470 1356 2508 praeclara
1381 2475 1507 2510 merita.
