1655 2713
749 163 1009 200 -268—

246 257 306 291 3a.
338 257 400 289 Hic
426 262 473 289 est
499 258 647 302 Thomas,
935 261 997 296 3b.
1028 262 1091 294 Hic
1117 268 1164 295 est
1191 264 1338 308 Thomas,

389 315 479 346 quem
506 307 546 338 ad
575 308 753 340 convivium
1077 311 1130 351 qui
1156 317 1227 352 post
1255 315 1478 354 crepusculum

340 354 435 394 Regis
459 363 568 386 servus
1027 359 1134 391 Portis
1161 360 1276 393 clausis

387 403 543 441 percussit
570 403 710 446 nimium,
1073 408 1197 440 intrans
1223 409 1405 443 cubiculum

335 449 398 481 Sed
425 459 494 481 mox
522 451 608 482 canis
1024 454 1224 488 Benedicens

382 498 529 530 exstincti
557 499 720 531 brachium
1070 512 1219 543 sponsam
1245 510 1276 537 et
1301 508 1489 546 sponsulum

427 547 624 585 Asportavit.
1120 552 1315 593 Baptizavit.

237 632 297 663 42.
328 629 389 663 Hic
413 636 461 662 est
487 633 634 671 Thomas,
924 636 986 669 4b.
1019 638 1080 669 Hic
1107 642 1155 670 est
1180 639 1328 683 Thomas,

379 680 432 718 qui
459 680 687 720 Heliophorum
1067 686 1120 726 qui
1147 688 1354 731 paralyticos,

332 726 458 758 Vadens
485 727 560 759 fecit
1018 734 1167 774 Claudos,
1195 744 1317 777 caecos,

376 783 480 814 regem
507 775 755 817 Gondophorum
1064 783 1188 823 surdos,
1216 784 1423 828 hydropicos

328 822 375 853 Ac
402 823 550 863 populum
1018 829 1152 871 Ruptos‚
1180 836 1293 869 mutos,

375 879 525 908 processu
551 876 728 912 temporum
1063 887 1202 921 mancos,
1230 880 1386 913 lunaticos

419 918 626 952 Christianos.
1104 926 1195 958 Fecit
1221 937 1326 961 sanos.

229 1004 287 1034 5a.
320 1002 381 1033 Hic
405 1006 453 1034 est
479 1004 625 1046 Thomas,
917 1009 979 1042 5b.
1011 1011 1072 1042 Hic
1097 1017 1144 1043 est
1171 1013 1319 1053 Thomas,

370 1051 422 1090 qui
447 1052 522 1082 deos
549 1053 685 1093 despicit
1059 1060 1146 1091 cuius
1171 1061 1306 1101 imperio

324 1096 366 1128 Et
392 1107 409 1128 a
436 1103 537 1130 morte
1010 1106 1071 1138 Dei
1098 1109 1174 1139 solis

372 1144 537 1178 defunctos
565 1149 660 1190 elicit,
1056 1155 1203 1194 liquescit
1229 1157 1326 1196 fictio,

321 1192 414 1231 Ignes
440 1200 542 1234 parat,
1010 1201 1107 1240 Quem
1134 1204 1322 1236 transfixum

368 1240 424 1271 sed
451 1241 529 1272 nihil
556 1243 682 1283 proficit
1053 1249 1189 1289 profano
1215 1253 1322 1292 gladio

415 1288 482 1320 Rex
509 1290 669 1323 Mesdeus.
1102 1298 1201 1330 Vocat
1229 1301 1325 1333 DeuS.

223 1373 282 1404 6a.
315 1373 361 1404 Te
387 1383 542 1415 rogamus,
910 1382 972 1415 6b.
1004 1383 1048 1414 Te
1074 1393 1252 1425 precamur,

364 1430 381 1452 o
407 1422 526 1455 Thonia
554 1424 703 1466 Didyme,
1050 1441 1068 1462 o
1095 1433 1226 1474 Thema,
1254 1444 1403 1476 propera,

315 1468 424 1500 Firma
449 1470 512 1502 fide
1001 1478 1100 1511 Serva
1126 1489 1245 1514 servos.

364 1516 490 1549 firmans
517 1518 706 1560 firmissime,
1048 1536 1175 1566 pressos
1202 1538 1350 1569 exonera,

314 1563 379 1594 Nos
406 1565 546 1598 infirmos
1001 1574 1076 1606 Post
1103 1575 1184 1607 hauc
1210 1578 1308 1609 vitam

361 1610 411 1642 fac
437 1612 620 1647 fidelissime
1047 1622 1088 1654 da
1114 1625 1179 1655 vita
1205 1625 1308 1658 libera

407 1660 550 1700 Operari.
1093 1671 1159 1703 Nos
1186 1672 1311 1706 laetari.

266 1756 349 1783 Miss.
371 1758 537 1787 Parisiense
558 1762 626 1796 imp.
649 1762 772 1790 Parisiis
797 1762 878 1792 1585.
901 1780 936 1785 —
959 1765 1010 1799 21),
1034 1767 1050 1794 7
1073 1769 1165 1796 Nunc.

630 1921 697 1952 302.
740 1924 781 1954 De
803 1927 910 1957 sancto
931 1926 1054 1959 Thoma.

552 2020 581 2051 1.
611 2020 679 2052 Vox
707 2025 738 2053 te
764 2022 827 2054 iam
852 2028 961 2057 nostra

655 2069 825 2113 collaudat,
853 2072 962 2105 inclite
987 2075 1120 2110 Thoma.

208 2143 227 2175 2
241 2152 269 2177 a.
303 2144 377 2176 Tibi
395 2146 540 2179 Christus
562 2153 706 2182 sanctum
724 2151 807 2184 latus
893 2155 954 2189 2b.
986 2156 1081 2189 Hunc
1105 2164 1243 2200 oportet,
1273 2166 1307 2194 ut
1333 2164 1496 2204 pulsemus

301 2192 391 2224 dedit
415 2195 611 2236 palpandum
987 2213 1056 2236 cum
1083 2208 1241 2251 precibus,

299 2241 415 2273 nostris
439 2243 622 2276 vulneribus
985 2253 1078 2285 nobis
1101 2264 1163 2295 quo
1188 2256 1244 2289 fiat

297 2289 492 2328 provisurus,
983 2300 1081 2334 iudex
1106 2303 1188 2343 pius.

254 2383 390 2419 Sequent.
412 2394 464 2412 ms.
480 2387 700 2418 Lunaelaeense
719 2399 794 2419 saec.
812 2391 854 2420 15.
873 2394 942 2422 Cod.
957 2395 1163 2426 vindobonen.
1178 2399 1263 2428 4977.
1282 2417 1320 2421 —
1337 2404 1497 2436 Vielleicht

176 2421 240 2448 eine
262 2422 474 2461 Nachahmung
495 2425 546 2453 der
565 2427 693 2456 Melodie
715 2429 922 2465 „Victimae
949 2435 1149 2470 paschali“
1178 2440 1208 2467 in
1231 2441 1315 2469 stark
1337 2444 1495 2479 gekiirzter

177 2459 271 2486 Form.
312 2461 356 2488 Ob
378 2464 618 2502 unvollstiindig?
